<?xml version="1.0" encoding="UTF-8"?>
<!DOCTYPE html PUBLIC "-//W3C//DTD XHTML 1.0 Transitional//EN"
    "http://www.w3.org/TR/xhtml1/DTD/xhtml1-transitional.dtd">
<html xmlns="http://www.w3.org/1999/xhtml" xml:lang="en" lang="en">
 <head>
  <title>
</title>
<meta http-equiv="Content-Type" content="text/html;charset=utf-8" />
  <meta name='ocr-system' content='tesseract 3.04.00' />
  <meta name='ocr-capabilities' content='ocr_page ocr_carea ocr_par ocr_line ocrx_word'/>
</head>
<body>
  <div class='ocr_page' id='page_1' title='image "./archivfrkatholi15unkngoog_0083.png"; bbox 0 0 3160 4848; ppageno 0'>
   <div class='ocr_carea' id='block_1_1' title="bbox 165 181 1418 272">
    <p class='ocr_par' dir='ltr' id='par_1_1' title="bbox 165 181 1418 272">
     <span class='ocr_line' id='line_1_1' title="bbox 165 181 1418 272; baseline -0.006 -12"><span class='ocrx_word' id='word_1_1' title='bbox 165 203 269 268; x_wconf 77' lang='lat' dir='ltr'>Koba,</span> <span class='ocrx_word' id='word_1_2' title='bbox 289 204 336 259; x_wconf 87' lang='lat' dir='ltr'>Dc</span> <span class='ocrx_word' id='word_1_3' title='bbox 352 205 463 272; x_wconf 78' lang='lat' dir='ltr'>sepult.</span> <span class='ocrx_word' id='word_1_4' title='bbox 483 202 589 258; x_wconf 80' lang='grc'><strong>000001.</strong></span> <span class='ocrx_word' id='word_1_5' title='bbox 610 201 686 271; x_wconf 81' lang='grc' dir='ltr'>Αο0.</span> <span class='ocrx_word' id='word_1_6' title='bbox 706 201 869 256; x_wconf 82' lang='grc' dir='ltr'><strong>001.Ηο10.</strong></span> <span class='ocrx_word' id='word_1_7' title='bbox 890 202 1018 266; x_wconf 80' lang='lat' dir='ltr'>consenc.</span> <span class='ocrx_word' id='word_1_8' title='bbox 1036 204 1072 255; x_wconf 83' lang='lat' dir='ltr'>in</span> <span class='ocrx_word' id='word_1_9' title='bbox 1090 215 1183 255; x_wconf 81' lang='lat' dir='ltr'>coam.</span> <span class='ocrx_word' id='word_1_10' title='bbox 1203 201 1282 254; x_wconf 81' lang='lat' dir='ltr'>calb.</span> <span class='ocrx_word' id='word_1_11' title='bbox 1344 181 1384 245; x_wconf 84' lang='grc'>77</span> <span class='ocrx_word' id='word_1_12' title='bbox 1416 184 1418 190; x_wconf 68' lang='grc'><strong>’</strong></span> 
     </span>
    </p>
   </div>
   <div class='ocr_carea' id='block_1_2' title="bbox 134 371 1432 873">
    <p class='ocr_par' dir='ltr' id='par_1_2' title="bbox 134 371 1432 873">
     <span class='ocr_line' id='line_1_2' title="bbox 135 371 1389 461; baseline -0.004 -21"><span class='ocrx_word' id='word_1_13' title='bbox 135 395 225 441; x_wconf 88' lang='lat' dir='ltr'>conc.</span> <span class='ocrx_word' id='word_1_14' title='bbox 251 376 309 442; x_wconf 84' lang='lat' dir='ltr'>etc.</span> <span class='ocrx_word' id='word_1_15' title='bbox 335 377 367 440; x_wconf 89' lang='lat' dir='ltr'>et</span> <span class='ocrx_word' id='word_1_16' title='bbox 389 375 503 440; x_wconf 83' lang='lat' dir='ltr'><strong>Novar.</strong></span> <span class='ocrx_word' id='word_1_17' title='bbox 534 373 567 438; x_wconf 88' lang='lat' dir='ltr'>in</span> <span class='ocrx_word' id='word_1_18' title='bbox 597 373 652 439; x_wconf 92' lang='lat' dir='ltr'>lib.</span> <span class='ocrx_word' id='word_1_19' title='bbox 674 375 710 440; x_wconf 90' lang='lat' dir='ltr'>V.</span> <span class='ocrx_word' id='word_1_20' title='bbox 741 392 807 439; x_wconf 86' lang='lat' dir='ltr'>can.</span> <span class='ocrx_word' id='word_1_21' title='bbox 841 375 890 439; x_wconf 82' lang='lat'>10.</span> <span class='ocrx_word' id='word_1_22' title='bbox 922 374 960 438; x_wconf 91' lang='lat' dir='ltr'>de</span> <span class='ocrx_word' id='word_1_23' title='bbox 988 374 1088 439; x_wconf 88' lang='lat' dir='ltr'>baert.</span> <span class='ocrx_word' id='word_1_24' title='bbox 1120 372 1194 437; x_wconf 88' lang='lat' dir='ltr'>edit.</span> <span class='ocrx_word' id='word_1_25' title='bbox 1229 374 1255 440; x_wconf 92' lang='lat' dir='ltr'>I.</span> <span class='ocrx_word' id='word_1_26' title='bbox 1290 371 1330 436; x_wconf 88' lang='lat' dir='ltr'>ad</span> <span class='ocrx_word' id='word_1_27' title='bbox 1360 373 1389 461; x_wconf 70' lang='lat'>4.</span> 
     </span>
     <span class='ocr_line' id='line_1_3' title="bbox 135 475 1390 562; baseline -0.003 -20"><span class='ocrx_word' id='word_1_28' title='bbox 135 480 253 562; x_wconf 80' lang='lat' dir='ltr'>Quaes.</span> <span class='ocrx_word' id='word_1_29' title='bbox 270 479 357 557; x_wconf 82' lang='lat' dir='ltr'>dicit,</span> <span class='ocrx_word' id='word_1_30' title='bbox 380 497 435 561; x_wconf 89' lang='lat' dir='ltr'>per</span> <span class='ocrx_word' id='word_1_31' title='bbox 450 477 642 560; x_wconf 75' lang='lat' dir='ltr'>sepulturam</span> <span class='ocrx_word' id='word_1_32' title='bbox 660 476 809 541; x_wconf 87' lang='lat' dir='ltr'>baeretici</span> <span class='ocrx_word' id='word_1_33' title='bbox 826 496 885 542; x_wconf 93' lang='grc'>000</span> <span class='ocrx_word' id='word_1_34' title='bbox 900 476 1078 542; x_wconf 87' lang='lat' dir='ltr'>denuntiati</span> <span class='ocrx_word' id='word_1_35' title='bbox 1094 475 1276 542; x_wconf 82' lang='lat' dir='ltr'>nominatim</span> <span class='ocrx_word' id='word_1_36' title='bbox 1289 476 1390 539; x_wconf 91' lang='lat' dir='ltr'>locum</span> 
     </span>
     <span class='ocr_line' id='line_1_4' title="bbox 134 579 1392 664; baseline -0.002 -17"><span class='ocrx_word' id='word_1_37' title='bbox 134 603 268 648; x_wconf 82' lang='lat' dir='ltr'>sacrum.</span> <span class='ocrx_word' id='word_1_38' title='bbox 287 602 347 648; x_wconf 91' lang='lat' dir='ltr'>non</span> <span class='ocrx_word' id='word_1_39' title='bbox 372 580 491 659; x_wconf 85' lang='lat' dir='ltr'>uiolari,</span> <span class='ocrx_word' id='word_1_40' title='bbox 514 581 561 646; x_wconf 88' lang='lat' dir='ltr'>ila</span> <span class='ocrx_word' id='word_1_41' title='bbox 582 579 615 646; x_wconf 91' lang='lat' dir='ltr'>in</span> <span class='ocrx_word' id='word_1_42' title='bbox 639 600 685 663; x_wconf 90' lang='lat' dir='ltr'>ep.</span> <span class='ocrx_word' id='word_1_43' title='bbox 711 579 814 645; x_wconf 84' lang='lat' dir='ltr'>Sacris</span> <span class='ocrx_word' id='word_1_44' title='bbox 838 581 875 644; x_wconf 86' lang='lat' dir='ltr'>de</span> <span class='ocrx_word' id='word_1_45' title='bbox 898 580 995 663; x_wconf 88' lang='lat' dir='ltr'>sepul.</span> <span class='ocrx_word' id='word_1_46' title='bbox 1046 580 1114 645; x_wconf 92' lang='lat' dir='ltr'>Imo</span> <span class='ocrx_word' id='word_1_47' title='bbox 1145 599 1244 664; x_wconf 88' lang='lat' dir='ltr'>neque</span> <span class='ocrx_word' id='word_1_48' title='bbox 1266 599 1320 664; x_wconf 87' lang='lat' dir='ltr'>per</span> <span class='ocrx_word' id='word_1_49' title='bbox 1344 599 1392 644; x_wconf 87' lang='grc'>06-</span> 
     </span>
     <span class='ocr_line' id='line_1_5' title="bbox 134 678 1432 772; baseline 0.002 -20"><span class='ocrx_word' id='word_1_50' title='bbox 134 689 300 770; x_wconf 84' lang='lat' dir='ltr'>pulturam</span> <span class='ocrx_word' id='word_1_51' title='bbox 323 685 458 752; x_wconf 88' lang='lat' dir='ltr'>hominis</span> <span class='ocrx_word' id='word_1_52' title='bbox 477 685 682 770; x_wconf 79' lang='lat' dir='ltr'>personaliter</span> <span class='ocrx_word' id='word_1_53' title='bbox 704 678 866 772; x_wconf 84' lang='lat' dir='ltr'>interdicti</span> <span class='ocrx_word' id='word_1_54' title='bbox 889 684 1024 750; x_wconf 84' lang='lat' dir='ltr'>violatur</span> <span class='ocrx_word' id='word_1_55' title='bbox 1039 684 1186 752; x_wconf 88' lang='lat' dir='ltr'>ecclesia:</span> <span class='ocrx_word' id='word_1_56' title='bbox 1220 683 1266 751; x_wconf 83' lang='lat' dir='ltr'>ita</span> <span class='ocrx_word' id='word_1_57' title='bbox 1279 685 1392 750; x_wconf 87' lang='lat' dir='ltr'>Suarez</span> <span class='ocrx_word' id='word_1_58' title='bbox 1428 748 1432 754; x_wconf 55' lang='lat'><strong>.</strong></span> 
     </span>
     <span class='ocr_line' id='line_1_6' title="bbox 135 788 841 873; baseline -0.003 -17"><span class='ocrx_word' id='word_1_59' title='bbox 135 795 213 870; x_wconf 56' lang='lat' dir='ltr'>etc„</span> <span class='ocrx_word' id='word_1_60' title='bbox 233 792 305 873; x_wconf 89' lang='lat' dir='ltr'>quia</span> <span class='ocrx_word' id='word_1_61' title='bbox 328 790 449 856; x_wconf 89' lang='lat' dir='ltr'>nullum</span> <span class='ocrx_word' id='word_1_62' title='bbox 472 789 575 856; x_wconf 86' lang='lat' dir='ltr'>exstat</span> <span class='ocrx_word' id='word_1_63' title='bbox 593 789 645 872; x_wconf 88' lang='lat' dir='ltr'>jus</span> <span class='ocrx_word' id='word_1_64' title='bbox 669 789 752 856; x_wconf 83' lang='lat' dir='ltr'>circu</span> <span class='ocrx_word' id='word_1_65' title='bbox 773 788 841 854; x_wconf 89' lang='lat' dir='ltr'>hoc.</span> 
     </span>
    </p>
   </div>
   <div class='ocr_carea' id='block_1_3' title="bbox 135 941 1407 1444">
    <p class='ocr_par' dir='ltr' id='par_1_3' title="bbox 135 941 1407 1444">
     <span class='ocr_line' id='line_1_7' title="bbox 247 941 1407 1032; baseline -0.002 -20"><span class='ocrx_word' id='word_1_66' title='bbox 247 948 462 1014; x_wconf 69' lang='lat' dir='ltr'>armentius</span> <span class='ocrx_word' id='word_1_67' title='bbox 496 947 590 1012; x_wconf 86' lang='lat' dir='ltr'>Petra</span> <span class='ocrx_word' id='word_1_68' title='bbox 619 945 649 1014; x_wconf 86' lang='lat' dir='ltr'>S.</span> <span class='ocrx_word' id='word_1_69' title='bbox 680 946 719 1012; x_wconf 88' lang='lat' dir='ltr'>R.</span> <span class='ocrx_word' id='word_1_70' title='bbox 742 946 778 1012; x_wconf 81' lang='grc'>11.</span> <span class='ocrx_word' id='word_1_71' title='bbox 803 945 946 1032; x_wconf 81' lang='lat' dir='ltr'>Presbyt.</span> <span class='ocrx_word' id='word_1_72' title='bbox 972 945 1062 1012; x_wconf 82' lang='lat' dir='ltr'>Card.</span> <span class='ocrx_word' id='word_1_73' title='bbox 1095 946 1327 1012; x_wconf 80' lang='lat' dir='ltr'>Commentario</span> <span class='ocrx_word' id='word_1_74' title='bbox 1353 941 1407 1013; x_wconf 91' lang='lat' dir='ltr'>ad&#39;</span> 
     </span>
     <span class='ocr_line' id='line_1_8' title="bbox 136 1049 1392 1134; baseline -0.001 -16"><span class='ocrx_word' id='word_1_75' title='bbox 136 1053 247 1119; x_wconf 79' lang='lat' dir='ltr'>Consi.</span> <span class='ocrx_word' id='word_1_76' title='bbox 272 1053 384 1134; x_wconf 85' lang='lat' dir='ltr'>Apost.</span> <span class='ocrx_word' id='word_1_77' title='bbox 417 1051 501 1116; x_wconf 79' lang='lat' dir='ltr'>Edit.</span> <span class='ocrx_word' id='word_1_78' title='bbox 533 1051 662 1116; x_wconf 88' lang='lat' dir='ltr'>Venetis</span> <span class='ocrx_word' id='word_1_79' title='bbox 696 1051 779 1115; x_wconf 83' lang='lat'>1792</span> <span class='ocrx_word' id='word_1_80' title='bbox 808 1052 883 1118; x_wconf 87' lang='lat' dir='ltr'>tom.</span> <span class='ocrx_word' id='word_1_81' title='bbox 908 1050 950 1117; x_wconf 91' lang='lat' dir='ltr'>II.</span> <span class='ocrx_word' id='word_1_82' title='bbox 976 1049 1081 1118; x_wconf 80' lang='grc'><strong>(10001.</strong></span> <span class='ocrx_word' id='word_1_83' title='bbox 1104 1050 1146 1117; x_wconf 90' lang='lat' dir='ltr'>Il.</span> <span class='ocrx_word' id='word_1_84' title='bbox 1170 1049 1302 1116; x_wconf 88' lang='lat' dir='ltr'>Honorii</span> <span class='ocrx_word' id='word_1_85' title='bbox 1335 1051 1392 1118; x_wconf 89' lang='lat' dir='ltr'>ill.</span> 
     </span>
     <span class='ocr_line' id='line_1_9' title="bbox 137 1154 1392 1248; baseline 0.006 -34"><span class='ocrx_word' id='word_1_86' title='bbox 137 1155 352 1239; x_wconf 82' lang='lat' dir='ltr'>»Religiosam</span> <span class='ocrx_word' id='word_1_87' title='bbox 377 1155 492 1220; x_wconf 77' lang='lat' dir='ltr'>vitam«</span> <span class='ocrx_word' id='word_1_88' title='bbox 518 1176 546 1238; x_wconf 86' lang='lat' dir='ltr'>p.</span> <span class='ocrx_word' id='word_1_89' title='bbox 572 1157 644 1221; x_wconf 88' lang='grc'><strong>222.</strong></span> <span class='ocrx_word' id='word_1_90' title='bbox 674 1175 702 1221; x_wconf 92' lang='grc'>0.</span> <span class='ocrx_word' id='word_1_91' title='bbox 727 1156 786 1248; x_wconf 62' lang='lat'>485</span> <span class='ocrx_word' id='word_1_92' title='bbox 826 1154 965 1236; x_wconf 78' lang='lat' dir='ltr'>Quilibet</span> <span class='ocrx_word' id='word_1_93' title='bbox 983 1155 1265 1220; x_wconf 82' lang='lat' dir='ltr'>excommunicatus</span> <span class='ocrx_word' id='word_1_94' title='bbox 1287 1155 1392 1239; x_wconf 86' lang='lat' dir='ltr'>priva-</span> 
     </span>
     <span class='ocr_line' id='line_1_10' title="bbox 135 1257 1396 1342; baseline -0.002 -17"><span class='ocrx_word' id='word_1_95' title='bbox 135 1263 194 1325; x_wconf 84' lang='lat' dir='ltr'>tur</span> <span class='ocrx_word' id='word_1_96' title='bbox 217 1259 429 1325; x_wconf 86' lang='lat' dir='ltr'>ecclesiastica</span> <span class='ocrx_word' id='word_1_97' title='bbox 452 1259 613 1342; x_wconf 85' lang='lat' dir='ltr'>sepultura</span> <span class='ocrx_word' id='word_1_98' title='bbox 648 1261 707 1326; x_wconf 83' lang='lat' dir='ltr'>tex.</span> <span class='ocrx_word' id='word_1_99' title='bbox 733 1259 765 1323; x_wconf 91' lang='lat' dir='ltr'>in</span> <span class='ocrx_word' id='word_1_100' title='bbox 788 1277 835 1342; x_wconf 90' lang='lat' dir='ltr'>cp.</span> <span class='ocrx_word' id='word_1_101' title='bbox 859 1259 955 1324; x_wconf 89' lang='lat' dir='ltr'>sacris</span> <span class='ocrx_word' id='word_1_102' title='bbox 979 1258 1016 1322; x_wconf 91' lang='lat' dir='ltr'>de</span> <span class='ocrx_word' id='word_1_103' title='bbox 1040 1259 1137 1341; x_wconf 89' lang='lat' dir='ltr'>sepul.</span> <span class='ocrx_word' id='word_1_104' title='bbox 1159 1257 1254 1326; x_wconf 86' lang='lat' dir='ltr'>Olem.</span> <span class='ocrx_word' id='word_1_105' title='bbox 1282 1261 1309 1325; x_wconf 92' lang='grc'><strong>1.</strong></span> <span class='ocrx_word' id='word_1_106' title='bbox 1332 1259 1396 1324; x_wconf 51' lang='lat' dir='ltr'>Ad*</span> 
     </span>
     <span class='ocr_line' id='line_1_11' title="bbox 135 1361 1395 1444; baseline 0.001 -15"><span class='ocrx_word' id='word_1_107' title='bbox 135 1364 324 1430; x_wconf 85' lang='lat' dir='ltr'>vertendum</span> <span class='ocrx_word' id='word_1_108' title='bbox 348 1363 551 1428; x_wconf 84' lang='lat' dir='ltr'>nihilominus</span> <span class='ocrx_word' id='word_1_109' title='bbox 575 1365 632 1440; x_wconf 85' lang='lat' dir='ltr'>cst,</span> <span class='ocrx_word' id='word_1_110' title='bbox 653 1363 977 1444; x_wconf 80' lang='lat' dir='ltr'>posidicpociiionom</span> <span class='ocrx_word' id='word_1_111' title='bbox 993 1361 1129 1428; x_wconf 72' lang='lat' dir='ltr'>Caecilii</span> <span class='ocrx_word' id='word_1_112' title='bbox 1145 1362 1395 1430; x_wconf 81' lang='lat' dir='ltr'>Oonslanlicnsis</span> 
     </span>
    </p>
   </div>
   <div class='ocr_carea' id='block_1_4' title="bbox 137 1468 1574 1552">
    <p class='ocr_par' dir='ltr' id='par_1_4' title="bbox 137 1468 1574 1552">
     <span class='ocr_line' id='line_1_12' title="bbox 137 1468 1574 1552; baseline 0.001 -18"><span class='ocrx_word' id='word_1_113' title='bbox 137 1472 177 1534; x_wconf 80' lang='lat' dir='ltr'>irc</span> <span class='ocrx_word' id='word_1_114' title='bbox 198 1469 399 1552; x_wconf 65' lang='grc' dir='ltr'><strong>11010000οω</strong></span> <span class='ocrx_word' id='word_1_115' title='bbox 439 1469 502 1534; x_wconf 80' lang='lat' dir='ltr'>»ool</span> <span class='ocrx_word' id='word_1_116' title='bbox 524 1468 848 1533; x_wconf 65' lang='lat' dir='ltr'>evitandansooboc</span> <span class='ocrx_word' id='word_1_117' title='bbox 870 1468 1396 1551; x_wconf 65' lang='grc' dir='ltr'><strong>00010010011000060011000ον0-</strong></span> <span class='ocrx_word' id='word_1_118' title='bbox 1466 1473 1467 1476; x_wconf 71' lang='grc'>’</span> <span class='ocrx_word' id='word_1_119' title='bbox 1573 1481 1574 1484; x_wconf 76' lang='grc'>’</span> 
     </span>
    </p>
   </div>
   <div class='ocr_carea' id='block_1_5' title="bbox 137 1567 1397 2178">
    <p class='ocr_par' dir='ltr' id='par_1_5' title="bbox 137 1567 1397 2178">
     <span class='ocr_line' id='line_1_13' title="bbox 137 1567 1394 1654; baseline 0 -15"><span class='ocrx_word' id='word_1_120' title='bbox 137 1573 293 1639; x_wconf 80' lang='lat' dir='ltr'>bibitione</span> <span class='ocrx_word' id='word_1_121' title='bbox 315 1593 378 1638; x_wconf 85' lang='grc'>000</span> <span class='ocrx_word' id='word_1_122' title='bbox 401 1573 635 1654; x_wconf 75' lang='lat' dir='ltr'>comprobandi,</span> <span class='ocrx_word' id='word_1_123' title='bbox 661 1573 727 1637; x_wconf 84' lang='lat' dir='ltr'>nisi</span> <span class='ocrx_word' id='word_1_124' title='bbox 749 1567 1028 1637; x_wconf 76' lang='lat' dir='ltr'>excommunicatos</span> <span class='ocrx_word' id='word_1_125' title='bbox 1059 1572 1248 1638; x_wconf 79' lang='lat' dir='ltr'>nominatim</span> <span class='ocrx_word' id='word_1_126' title='bbox 1270 1574 1394 1639; x_wconf 79' lang='lat' dir='ltr'>debun-</span> 
     </span>
     <span class='ocr_line' id='line_1_14' title="bbox 138 1677 1396 1760; baseline 0.004 -20"><span class='ocrx_word' id='word_1_127' title='bbox 138 1678 239 1742; x_wconf 80' lang='lat' dir='ltr'>tiatos</span> <span class='ocrx_word' id='word_1_128' title='bbox 262 1680 317 1742; x_wconf 85' lang='lat' dir='ltr'>aut</span> <span class='ocrx_word' id='word_1_129' title='bbox 338 1679 477 1760; x_wconf 88' lang='lat' dir='ltr'>publicos</span> <span class='ocrx_word' id='word_1_130' title='bbox 495 1677 674 1742; x_wconf 89' lang='lat' dir='ltr'>elericorum</span> <span class='ocrx_word' id='word_1_131' title='bbox 692 1695 902 1759; x_wconf 62' lang='lat' dir='ltr'>percussorem</span> <span class='ocrx_word' id='word_1_132' title='bbox 937 1677 1069 1759; x_wconf 84' lang='lat' dir='ltr'>quilibet</span> <span class='ocrx_word' id='word_1_133' title='bbox 1093 1677 1173 1742; x_wconf 89' lang='lat' dir='ltr'>enim</span> <span class='ocrx_word' id='word_1_134' title='bbox 1198 1679 1253 1743; x_wconf 88' lang='lat' dir='ltr'>alii</span> <span class='ocrx_word' id='word_1_135' title='bbox 1276 1698 1396 1745; x_wconf 85' lang='lat' dir='ltr'>excom-</span> 
     </span>
     <span class='ocr_line' id='line_1_15' title="bbox 139 1780 1397 1865; baseline 0.002 -20"><span class='ocrx_word' id='word_1_136' title='bbox 139 1781 297 1846; x_wconf 89' lang='lat' dir='ltr'>municati</span> <span class='ocrx_word' id='word_1_137' title='bbox 331 1783 454 1864; x_wconf 87' lang='lat' dir='ltr'>praeter</span> <span class='ocrx_word' id='word_1_138' title='bbox 487 1781 644 1865; x_wconf 86' lang='lat' dir='ltr'>praefatos</span> <span class='ocrx_word' id='word_1_139' title='bbox 675 1780 860 1846; x_wconf 88' lang='lat' dir='ltr'>nominatim</span> <span class='ocrx_word' id='word_1_140' title='bbox 893 1780 1091 1846; x_wconf 85' lang='lat' dir='ltr'>denuntiatos</span> <span class='ocrx_word' id='word_1_141' title='bbox 1123 1784 1179 1847; x_wconf 85' lang='lat' dir='ltr'>aut</span> <span class='ocrx_word' id='word_1_142' title='bbox 1214 1783 1397 1850; x_wconf 89' lang='lat' dir='ltr'>clericorum</span> 
     </span>
     <span class='ocr_line' id='line_1_16' title="bbox 139 1879 1397 1972; baseline 0.005 -24"><span class='ocrx_word' id='word_1_143' title='bbox 139 1902 339 1967; x_wconf 85' lang='lat' dir='ltr'>percussores</span> <span class='ocrx_word' id='word_1_144' title='bbox 362 1879 468 1968; x_wconf 81' lang='lat' dir='ltr'>vigore</span> <span class='ocrx_word' id='word_1_145' title='bbox 498 1884 675 1967; x_wconf 80' lang='lat' dir='ltr'>praedictae</span> <span class='ocrx_word' id='word_1_146' title='bbox 697 1885 866 1968; x_wconf 79' lang='lat' dir='ltr'>llxtravag.</span> <span class='ocrx_word' id='word_1_147' title='bbox 891 1883 982 1949; x_wconf 88' lang='lat' dir='ltr'>hodie</span> <span class='ocrx_word' id='word_1_148' title='bbox 1003 1903 1063 1949; x_wconf 92' lang='grc'>000</span> <span class='ocrx_word' id='word_1_149' title='bbox 1086 1885 1233 1952; x_wconf 80' lang='lat' dir='ltr'>dicuntur</span> <span class='ocrx_word' id='word_1_150' title='bbox 1264 1889 1397 1972; x_wconf 85' lang='lat' dir='ltr'>amplius</span> 
     </span>
     <span class='ocr_line' id='line_1_17' title="bbox 139 1987 1397 2071; baseline 0.005 -19"><span class='ocrx_word' id='word_1_151' title='bbox 139 1987 262 2071; x_wconf 90' lang='lat' dir='ltr'>publici</span> <span class='ocrx_word' id='word_1_152' title='bbox 285 1987 338 2053; x_wconf 88' lang='lat' dir='ltr'>sed</span> <span class='ocrx_word' id='word_1_153' title='bbox 362 1990 436 2054; x_wconf 88' lang='lat' dir='ltr'>sunt</span> <span class='ocrx_word' id='word_1_154' title='bbox 457 1989 586 2054; x_wconf 87' lang='lat' dir='ltr'>tolerati</span> <span class='ocrx_word' id='word_1_155' title='bbox 606 1991 638 2053; x_wconf 89' lang='lat' dir='ltr'>et</span> <span class='ocrx_word' id='word_1_156' title='bbox 660 2007 823 2071; x_wconf 87' lang='lat' dir='ltr'>possumus</span> <span class='ocrx_word' id='word_1_157' title='bbox 846 1989 997 2054; x_wconf 90' lang='lat' dir='ltr'>cumillis</span> <span class='ocrx_word' id='word_1_158' title='bbox 1019 1989 1052 2054; x_wconf 93' lang='lat' dir='ltr'>in</span> <span class='ocrx_word' id='word_1_159' title='bbox 1075 1991 1153 2056; x_wconf 89' lang='lat' dir='ltr'>vivis</span> <span class='ocrx_word' id='word_1_160' title='bbox 1169 1993 1397 2058; x_wconf 89' lang='lat' dir='ltr'>communicare</span> 
     </span>
     <span class='ocr_line' id='line_1_18' title="bbox 142 2083 1266 2178; baseline 0 -16"><span class='ocrx_word' id='word_1_161' title='bbox 142 2145 150 2162; x_wconf 92' lang='lat'><strong>.</strong></span> <span class='ocrx_word' id='word_1_162' title='bbox 176 2143 185 2158; x_wconf 93' lang='lat'><strong>.</strong></span> <span class='ocrx_word' id='word_1_163' title='bbox 212 2143 219 2158; x_wconf 88' lang='lat'><strong>.</strong></span> <span class='ocrx_word' id='word_1_164' title='bbox 243 2112 316 2178; x_wconf 85' lang='lat' dir='ltr'>ergo</span> <span class='ocrx_word' id='word_1_165' title='bbox 337 2113 499 2176; x_wconf 89' lang='lat' dir='ltr'>possumus</span> <span class='ocrx_word' id='word_1_166' title='bbox 523 2083 709 2160; x_wconf 78' lang='lat' dir='ltr'>etiamnum</span> <span class='ocrx_word' id='word_1_167' title='bbox 735 2092 850 2158; x_wconf 90' lang='lat' dir='ltr'>eisdem</span> <span class='ocrx_word' id='word_1_168' title='bbox 874 2094 1005 2159; x_wconf 86' lang='lat' dir='ltr'>mortuis</span> <span class='ocrx_word' id='word_1_169' title='bbox 1028 2097 1266 2163; x_wconf 86' lang='lat' dir='ltr'>communicare.</span> 
     </span>
    </p>
   </div>
   <div class='ocr_carea' id='block_1_6' title="bbox 26 2230 1455 4004">
    <p class='ocr_par' dir='ltr' id='par_1_6' title="bbox 26 2230 1455 4004">
     <span class='ocr_line' id='line_1_19' title="bbox 254 2230 1398 2334; baseline 0.004 -20"><span class='ocrx_word' id='word_1_170' title='bbox 254 2251 283 2316; x_wconf 90' lang='lat'>8.</span> <span class='ocrx_word' id='word_1_171' title='bbox 314 2230 454 2315; x_wconf 82' lang='lat' dir='ltr'>Ubaldus</span> <span class='ocrx_word' id='word_1_172' title='bbox 478 2249 619 2331; x_wconf 75' lang='lat' dir='ltr'>(limidi,</span> <span class='ocrx_word' id='word_1_173' title='bbox 655 2249 814 2334; x_wconf 80' lang='grc'><strong>1100001110</strong></span> <span class='ocrx_word' id='word_1_174' title='bbox 847 2249 927 2332; x_wconf 90' lang='lat' dir='ltr'>juris</span> <span class='ocrx_word' id='word_1_175' title='bbox 950 2251 1112 2333; x_wconf 82' lang='lat' dir='ltr'>pontificii,</span> <span class='ocrx_word' id='word_1_176' title='bbox 1142 2253 1249 2319; x_wconf 79' lang='lat' dir='ltr'>Editio</span> <span class='ocrx_word' id='word_1_177' title='bbox 1272 2254 1398 2326; x_wconf 69' lang='lat' dir='ltr'>Romae</span> 
     </span>
     <span class='ocr_line' id='line_1_20' title="bbox 144 2345 1455 2442; baseline 0.003 -24"><span class='ocrx_word' id='word_1_178' title='bbox 144 2353 244 2433; x_wconf 86' lang='grc'><strong>1769,</strong></span> <span class='ocrx_word' id='word_1_179' title='bbox 267 2373 338 2436; x_wconf 88' lang='lat' dir='ltr'>pars</span> <span class='ocrx_word' id='word_1_180' title='bbox 361 2354 386 2420; x_wconf 95' lang='grc' dir='ltr'>Ι.</span> <span class='ocrx_word' id='word_1_181' title='bbox 410 2374 446 2418; x_wconf 85' lang='lat' dir='ltr'>ex</span> <span class='ocrx_word' id='word_1_182' title='bbox 468 2354 522 2420; x_wconf 92' lang='lat' dir='ltr'>lib.</span> <span class='ocrx_word' id='word_1_183' title='bbox 546 2355 605 2422; x_wconf 91' lang='lat' dir='ltr'>HI.</span> <span class='ocrx_word' id='word_1_184' title='bbox 630 2354 754 2420; x_wconf 88' lang='lat' dir='ltr'>Decret.</span> <span class='ocrx_word' id='word_1_185' title='bbox 777 2352 973 2442; x_wconf 70' lang='lat' dir='ltr'>bilibio</span> <span class='ocrx_word' id='word_1_186' title='bbox 995 2345 1128 2422; x_wconf 82' lang='lat' dir='ltr'>consecr.</span> <span class='ocrx_word' id='word_1_187' title='bbox 1152 2357 1233 2440; x_wconf 64' lang='lat' dir='ltr'>eccl„</span> <span class='ocrx_word' id='word_1_188' title='bbox 1252 2361 1284 2423; x_wconf 90' lang='lat' dir='ltr'>et</span> <span class='ocrx_word' id='word_1_189' title='bbox 1305 2359 1397 2427; x_wconf 87' lang='lat' dir='ltr'>altar.</span> <span class='ocrx_word' id='word_1_190' title='bbox 1453 2415 1455 2422; x_wconf 56' lang='lat'><strong>.</strong></span> 
     </span>
     <span class='ocr_line' id='line_1_21' title="bbox 142 2457 1398 2545; baseline 0.002 -21"><span class='ocrx_word' id='word_1_191' title='bbox 142 2457 356 2542; x_wconf 67' lang='grc'><strong>8602110.</strong></span> <span class='ocrx_word' id='word_1_192' title='bbox 388 2459 474 2524; x_wconf 80' lang='lat'>424:</span> <span class='ocrx_word' id='word_1_193' title='bbox 512 2460 584 2525; x_wconf 82' lang='lat' dir='ltr'>lam</span> <span class='ocrx_word' id='word_1_194' title='bbox 614 2461 792 2543; x_wconf 89' lang='lat' dir='ltr'>susceperat</span> <span class='ocrx_word' id='word_1_195' title='bbox 814 2459 1013 2524; x_wconf 83' lang='lat' dir='ltr'>Innocentius</span> <span class='ocrx_word' id='word_1_196' title='bbox 1046 2460 1104 2528; x_wconf 91' lang='lat' dir='ltr'>Ill.</span> <span class='ocrx_word' id='word_1_197' title='bbox 1133 2462 1165 2525; x_wconf 94' lang='lat' dir='ltr'>in</span> <span class='ocrx_word' id='word_1_198' title='bbox 1196 2463 1327 2545; x_wconf 85' lang='lat' dir='ltr'>epistola</span> <span class='ocrx_word' id='word_1_199' title='bbox 1359 2464 1398 2527; x_wconf 92' lang='lat' dir='ltr'>ad</span> 
     </span>
     <span class='ocr_line' id='line_1_22' title="bbox 141 2555 1398 2652; baseline 0.006 -24"><span class='ocrx_word' id='word_1_200' title='bbox 141 2561 378 2628; x_wconf 87' lang='lat' dir='ltr'>Nidmsiensem</span> <span class='ocrx_word' id='word_1_201' title='bbox 389 2563 674 2646; x_wconf 67' lang='lat' dir='ltr'>arehiepiscopum,</span> <span class='ocrx_word' id='word_1_202' title='bbox 700 2564 800 2629; x_wconf 89' lang='lat' dir='ltr'>relata</span> <span class='ocrx_word' id='word_1_203' title='bbox 815 2564 846 2628; x_wconf 92' lang='grc'>10</span> <span class='ocrx_word' id='word_1_204' title='bbox 864 2583 910 2646; x_wconf 91' lang='grc'>00.</span> <span class='ocrx_word' id='word_1_205' title='bbox 922 2563 994 2631; x_wconf 90' lang='lat' dir='ltr'>Xll.</span> <span class='ocrx_word' id='word_1_206' title='bbox 1011 2555 1131 2634; x_wconf 74' lang='lat' dir='ltr'>tiu‘cs.</span> <span class='ocrx_word' id='word_1_207' title='bbox 1149 2567 1241 2652; x_wconf 87' lang='lat' dir='ltr'>hujus</span> <span class='ocrx_word' id='word_1_208' title='bbox 1253 2565 1306 2634; x_wconf 89' lang='lat' dir='ltr'>lib.</span> <span class='ocrx_word' id='word_1_209' title='bbox 1320 2567 1398 2636; x_wconf 79' lang='lat' dir='ltr'>llI.2</span> 
     </span>
     <span class='ocr_line' id='line_1_23' title="bbox 145 2666 1399 2751; baseline 0.007 -24"><span class='ocrx_word' id='word_1_210' title='bbox 145 2666 274 2733; x_wconf 78' lang='lat' dir='ltr'>»Sacris</span> <span class='ocrx_word' id='word_1_211' title='bbox 297 2668 345 2732; x_wconf 84' lang='lat' dir='ltr'>est</span> <span class='ocrx_word' id='word_1_212' title='bbox 376 2668 545 2732; x_wconf 84' lang='lat' dir='ltr'>canonibus</span> <span class='ocrx_word' id='word_1_213' title='bbox 577 2667 776 2745; x_wconf 76' lang='lat' dir='ltr'>institutum,</span> <span class='ocrx_word' id='word_1_214' title='bbox 803 2669 840 2732; x_wconf 84' lang='lat' dir='ltr'>ut</span> <span class='ocrx_word' id='word_1_215' title='bbox 868 2668 979 2751; x_wconf 90' lang='lat' dir='ltr'>quibus</span> <span class='ocrx_word' id='word_1_216' title='bbox 1010 2689 1071 2736; x_wconf 93' lang='lat' dir='ltr'>non</span> <span class='ocrx_word' id='word_1_217' title='bbox 1105 2672 1399 2747; x_wconf 85' lang='lat' dir='ltr'>communicavimus</span> 
     </span>
     <span class='ocr_line' id='line_1_24' title="bbox 143 2769 1400 2858; baseline 0 -18"><span class='ocrx_word' id='word_1_218' title='bbox 143 2769 238 2850; x_wconf 83' lang='lat' dir='ltr'>rivis,</span> <span class='ocrx_word' id='word_1_219' title='bbox 258 2791 319 2837; x_wconf 90' lang='grc'>000</span> <span class='ocrx_word' id='word_1_220' title='bbox 330 2771 594 2836; x_wconf 88' lang='lat' dir='ltr'>communicemus</span> <span class='ocrx_word' id='word_1_221' title='bbox 613 2772 782 2837; x_wconf 82' lang='lat' dir='ltr'>defunctis:</span> <span class='ocrx_word' id='word_1_222' title='bbox 817 2773 849 2836; x_wconf 90' lang='lat' dir='ltr'>ot</span> <span class='ocrx_word' id='word_1_223' title='bbox 872 2775 908 2836; x_wconf 85' lang='lat' dir='ltr'>ut</span> <span class='ocrx_word' id='word_1_224' title='bbox 923 2774 1050 2838; x_wconf 83' lang='lat' dir='ltr'>careant</span> <span class='ocrx_word' id='word_1_225' title='bbox 1064 2774 1275 2840; x_wconf 86' lang='lat' dir='ltr'>ecclesiastica</span> <span class='ocrx_word' id='word_1_226' title='bbox 1297 2775 1400 2858; x_wconf 86' lang='lat' dir='ltr'>sepul-</span> 
     </span>
     <span class='ocr_line' id='line_1_25' title="bbox 142 2875 1399 2960; baseline 0.001 -17"><span class='ocrx_word' id='word_1_227' title='bbox 142 2881 230 2956; x_wconf 78' lang='lat' dir='ltr'>tura,</span> <span class='ocrx_word' id='word_1_228' title='bbox 254 2877 307 2960; x_wconf 91' lang='lat' dir='ltr'>qui</span> <span class='ocrx_word' id='word_1_229' title='bbox 330 2875 415 2959; x_wconf 87' lang='lat' dir='ltr'>prius</span> <span class='ocrx_word' id='word_1_230' title='bbox 437 2879 528 2942; x_wconf 89' lang='lat' dir='ltr'>erant</span> <span class='ocrx_word' id='word_1_231' title='bbox 549 2877 587 2941; x_wconf 87' lang='lat' dir='ltr'>ab</span> <span class='ocrx_word' id='word_1_232' title='bbox 605 2877 815 2942; x_wconf 86' lang='lat' dir='ltr'>ecclesiastica</span> <span class='ocrx_word' id='word_1_233' title='bbox 837 2877 960 2942; x_wconf 85' lang='lat' dir='ltr'>unitate</span> <span class='ocrx_word' id='word_1_234' title='bbox 977 2878 1198 2959; x_wconf 69' lang='lat' dir='ltr'>praeemineo</span> <span class='ocrx_word' id='word_1_235' title='bbox 1212 2879 1245 2942; x_wconf 90' lang='grc'>10</span> <span class='ocrx_word' id='word_1_236' title='bbox 1268 2879 1399 2944; x_wconf 82' lang='lat' dir='ltr'>articulo</span> 
     </span>
     <span class='ocr_line' id='line_1_26' title="bbox 144 2980 1400 3066; baseline 0.003 -20"><span class='ocrx_word' id='word_1_237' title='bbox 144 2980 259 3046; x_wconf 85' lang='lat' dir='ltr'>mortis</span> <span class='ocrx_word' id='word_1_238' title='bbox 282 2981 429 3046; x_wconf 85' lang='lat' dir='ltr'>ecclesiae</span> <span class='ocrx_word' id='word_1_239' title='bbox 452 2981 645 3047; x_wconf 89' lang='lat' dir='ltr'>reconciliati</span> <span class='ocrx_word' id='word_1_240' title='bbox 667 2982 792 3048; x_wconf 85' lang='lat' dir='ltr'>fuerint.</span> <span class='ocrx_word' id='word_1_241' title='bbox 849 2981 938 3048; x_wconf 88' lang='lat' dir='ltr'>Unde</span> <span class='ocrx_word' id='word_1_242' title='bbox 961 2982 988 3046; x_wconf 93' lang='lat' dir='ltr'>si</span> <span class='ocrx_word' id='word_1_243' title='bbox 1011 2982 1191 3066; x_wconf 81' lang='lat' dir='ltr'>contingat,</span> <span class='ocrx_word' id='word_1_244' title='bbox 1224 2986 1258 3048; x_wconf 87' lang='lat' dir='ltr'>ut</span> <span class='ocrx_word' id='word_1_245' title='bbox 1279 3003 1400 3050; x_wconf 84' lang='lat' dir='ltr'>ercom-</span> 
     </span>
     <span class='ocr_line' id='line_1_27' title="bbox 145 3085 1400 3169; baseline 0.002 -19"><span class='ocrx_word' id='word_1_246' title='bbox 145 3085 379 3150; x_wconf 87' lang='lat' dir='ltr'>municatorum</span> <span class='ocrx_word' id='word_1_247' title='bbox 401 3105 527 3169; x_wconf 90' lang='lat' dir='ltr'>corpora</span> <span class='ocrx_word' id='word_1_248' title='bbox 548 3086 581 3150; x_wconf 91' lang='lat' dir='ltr'>in</span> <span class='ocrx_word' id='word_1_249' title='bbox 613 3087 795 3152; x_wconf 88' lang='lat' dir='ltr'>coemeterio</span> <span class='ocrx_word' id='word_1_250' title='bbox 820 3087 1031 3152; x_wconf 86' lang='lat' dir='ltr'>ecclesiastico</span> <span class='ocrx_word' id='word_1_251' title='bbox 1061 3088 1272 3166; x_wconf 85' lang='lat' dir='ltr'>tumulentur,</span> <span class='ocrx_word' id='word_1_252' title='bbox 1304 3089 1331 3152; x_wconf 88' lang='lat' dir='ltr'>si</span> <span class='ocrx_word' id='word_1_253' title='bbox 1362 3089 1400 3154; x_wconf 89' lang='lat' dir='ltr'>ab</span> 
     </span>
     <span class='ocr_line' id='line_1_28' title="bbox 146 3190 1400 3276; baseline 0.002 -20"><span class='ocrx_word' id='word_1_254' title='bbox 146 3190 282 3274; x_wconf 78' lang='lat' dir='ltr'>aliorum</span> <span class='ocrx_word' id='word_1_255' title='bbox 304 3191 482 3274; x_wconf 88' lang='lat' dir='ltr'>corporibus</span> <span class='ocrx_word' id='word_1_256' title='bbox 506 3191 639 3256; x_wconf 88' lang='lat' dir='ltr'>discerni</span> <span class='ocrx_word' id='word_1_257' title='bbox 658 3192 824 3275; x_wconf 83' lang='lat' dir='ltr'>poterunt,</span> <span class='ocrx_word' id='word_1_258' title='bbox 860 3191 1020 3256; x_wconf 85' lang='lat' dir='ltr'>exhumari</span> <span class='ocrx_word' id='word_1_259' title='bbox 1042 3191 1155 3259; x_wconf 87' lang='lat' dir='ltr'>debent</span> <span class='ocrx_word' id='word_1_260' title='bbox 1178 3193 1209 3258; x_wconf 85' lang='lat' dir='ltr'>et</span> <span class='ocrx_word' id='word_1_261' title='bbox 1231 3193 1339 3276; x_wconf 88' lang='lat' dir='ltr'>procul</span> <span class='ocrx_word' id='word_1_262' title='bbox 1362 3194 1400 3259; x_wconf 87' lang='lat' dir='ltr'>ab</span> 
     </span>
     <span class='ocr_line' id='line_1_29' title="bbox 146 3293 1402 3380; baseline 0.002 -20"><span class='ocrx_word' id='word_1_263' title='bbox 146 3293 361 3360; x_wconf 87' lang='lat' dir='ltr'>ecclesiastica</span> <span class='ocrx_word' id='word_1_264' title='bbox 385 3295 545 3378; x_wconf 87' lang='lat' dir='ltr'>sepultura</span> <span class='ocrx_word' id='word_1_265' title='bbox 564 3295 689 3378; x_wconf 86' lang='lat' dir='ltr'>jactari.</span> <span class='ocrx_word' id='word_1_266' title='bbox 737 3295 854 3377; x_wconf 82' lang='lat' dir='ltr'>Quodsi</span> <span class='ocrx_word' id='word_1_267' title='bbox 877 3295 1012 3361; x_wconf 88' lang='lat' dir='ltr'>discerni</span> <span class='ocrx_word' id='word_1_268' title='bbox 1035 3315 1094 3362; x_wconf 92' lang='lat' dir='ltr'>non</span> <span class='ocrx_word' id='word_1_269' title='bbox 1117 3298 1279 3380; x_wconf 88' lang='lat' dir='ltr'>poterunt,</span> <span class='ocrx_word' id='word_1_270' title='bbox 1312 3317 1402 3380; x_wconf 84' lang='lat' dir='ltr'>erpe-</span> 
     </span>
     <span class='ocr_line' id='line_1_30' title="bbox 146 3399 1402 3484; baseline 0.002 -21"><span class='ocrx_word' id='word_1_271' title='bbox 146 3399 217 3463; x_wconf 87' lang='lat' dir='ltr'>dire</span> <span class='ocrx_word' id='word_1_272' title='bbox 241 3418 302 3463; x_wconf 92' lang='lat' dir='ltr'>non</span> <span class='ocrx_word' id='word_1_273' title='bbox 326 3399 491 3478; x_wconf 86' lang='lat' dir='ltr'>credimus,</span> <span class='ocrx_word' id='word_1_274' title='bbox 513 3399 549 3463; x_wconf 90' lang='lat' dir='ltr'>ut</span> <span class='ocrx_word' id='word_1_275' title='bbox 571 3418 641 3463; x_wconf 91' lang='lat' dir='ltr'>cum</span> <span class='ocrx_word' id='word_1_276' title='bbox 665 3399 999 3465; x_wconf 84' lang='lat' dir='ltr'>excommunicatorum</span> <span class='ocrx_word' id='word_1_277' title='bbox 1022 3400 1142 3466; x_wconf 88' lang='lat' dir='ltr'>ossibus</span> <span class='ocrx_word' id='word_1_278' title='bbox 1165 3420 1291 3484; x_wconf 85' lang='lat' dir='ltr'>corpora</span> <span class='ocrx_word' id='word_1_279' title='bbox 1314 3405 1402 3466; x_wconf 82' lang='lat' dir='ltr'>extu·</span> 
     </span>
     <span class='ocr_line' id='line_1_31' title="bbox 147 3501 1401 3574; baseline 0.002 -5"><span class='ocrx_word' id='word_1_280' title='bbox 147 3504 311 3570; x_wconf 81' lang='lat' dir='ltr'>mulcatur</span> <span class='ocrx_word' id='word_1_281' title='bbox 330 3502 501 3569; x_wconf 80' lang='lat' dir='ltr'>fidelium«</span> <span class='ocrx_word' id='word_1_282' title='bbox 557 3501 766 3569; x_wconf 74' lang='lat' dir='ltr'>Cohaerenter</span> <span class='ocrx_word' id='word_1_283' title='bbox 787 3504 931 3574; x_wconf 90' lang='lat' dir='ltr'>adhaec</span> <span class='ocrx_word' id='word_1_284' title='bbox 953 3505 985 3568; x_wconf 88' lang='lat' dir='ltr'>in</span> <span class='ocrx_word' id='word_1_285' title='bbox 1008 3505 1067 3570; x_wconf 87' lang='lat' dir='ltr'>bae</span> <span class='ocrx_word' id='word_1_286' title='bbox 1090 3504 1239 3570; x_wconf 87' lang='lat' dir='ltr'>decretali</span> <span class='ocrx_word' id='word_1_287' title='bbox 1262 3506 1401 3571; x_wconf 91' lang='lat' dir='ltr'>reconci-</span> 
     </span>
     <span class='ocr_line' id='line_1_32' title="bbox 145 3607 1403 3692; baseline 0 -19"><span class='ocrx_word' id='word_1_288' title='bbox 145 3609 257 3673; x_wconf 83' lang='lat' dir='ltr'>lianda</span> <span class='ocrx_word' id='word_1_289' title='bbox 278 3609 343 3674; x_wconf 83' lang='lat' dir='ltr'>foro</span> <span class='ocrx_word' id='word_1_290' title='bbox 366 3607 560 3688; x_wconf 86' lang='lat' dir='ltr'>coemeteria,</span> <span class='ocrx_word' id='word_1_291' title='bbox 583 3608 616 3672; x_wconf 90' lang='grc'>10</span> <span class='ocrx_word' id='word_1_292' title='bbox 639 3608 751 3692; x_wconf 90' lang='lat' dir='ltr'>quibus</span> <span class='ocrx_word' id='word_1_293' title='bbox 774 3608 1109 3674; x_wconf 84' lang='lat' dir='ltr'>excommunicatorum</span> <span class='ocrx_word' id='word_1_294' title='bbox 1131 3628 1258 3692; x_wconf 85' lang='lat' dir='ltr'>corpora</span> <span class='ocrx_word' id='word_1_295' title='bbox 1281 3609 1403 3692; x_wconf 91' lang='lat' dir='ltr'>sepeliri</span> 
     </span>
     <span class='ocr_line' id='line_1_33' title="bbox 148 3712 1403 3796; baseline 0 -19"><span class='ocrx_word' id='word_1_296' title='bbox 148 3712 330 3796; x_wconf 83' lang='lat' dir='ltr'>contigerit,</span> <span class='ocrx_word' id='word_1_297' title='bbox 359 3731 465 3778; x_wconf 90' lang='lat' dir='ltr'>eorum</span> <span class='ocrx_word' id='word_1_298' title='bbox 489 3712 632 3792; x_wconf 84' lang='lat' dir='ltr'>scilicet‚&#39;</span> <span class='ocrx_word' id='word_1_299' title='bbox 654 3713 692 3778; x_wconf 94' lang='lat' dir='ltr'>ob</span> <span class='ocrx_word' id='word_1_300' title='bbox 716 3732 846 3795; x_wconf 90' lang='lat' dir='ltr'>quorum</span> <span class='ocrx_word' id='word_1_301' title='bbox 867 3712 1108 3779; x_wconf 88' lang='lat' dir='ltr'>tumulationem</span> <span class='ocrx_word' id='word_1_302' title='bbox 1129 3713 1313 3786; x_wconf 85' lang='lat' dir='ltr'>coemeteria</span> <span class='ocrx_word' id='word_1_303' title='bbox 1335 3713 1403 3796; x_wconf 92' lang='lat' dir='ltr'>pol-</span> 
     </span>
     <span class='ocr_line' id='line_1_34' title="bbox 26 3816 1403 3901; baseline -0.002 -15"><span class='ocrx_word' id='word_1_304' title='bbox 26 3883 27 3886; x_wconf 74' lang='grc'>,</span> <span class='ocrx_word' id='word_1_305' title='bbox 148 3818 282 3882; x_wconf 90' lang='lat' dir='ltr'>luuntur</span> <span class='ocrx_word' id='word_1_306' title='bbox 304 3835 340 3882; x_wconf 86' lang='grc'>00</span> <span class='ocrx_word' id='word_1_307' title='bbox 363 3816 489 3900; x_wconf 90' lang='lat' dir='ltr'>proinde</span> <span class='ocrx_word' id='word_1_308' title='bbox 512 3816 655 3901; x_wconf 84' lang='lat' dir='ltr'>indigent</span> <span class='ocrx_word' id='word_1_309' title='bbox 674 3817 937 3896; x_wconf 87' lang='lat' dir='ltr'>reconciliatione,</span> <span class='ocrx_word' id='word_1_310' title='bbox 961 3818 997 3883; x_wconf 87' lang='lat' dir='ltr'>ul</span> <span class='ocrx_word' id='word_1_311' title='bbox 1019 3836 1054 3882; x_wconf 84' lang='lat' dir='ltr'>ex</span> <span class='ocrx_word' id='word_1_312' title='bbox 1077 3817 1118 3881; x_wconf 88' lang='lat' dir='ltr'>iis</span> <span class='ocrx_word' id='word_1_313' title='bbox 1142 3817 1263 3882; x_wconf 85' lang='lat' dir='ltr'>verbis:</span> <span class='ocrx_word' id='word_1_314' title='bbox 1295 3835 1403 3883; x_wconf 86' lang='lat' dir='ltr'>recon-</span> 
     </span>
     <span class='ocr_line' id='line_1_35' title="bbox 30 3919 1404 4004; baseline -0.001 -18"><span class='ocrx_word' id='word_1_315' title='bbox 30 3949 31 3952; x_wconf 40' lang='lat'>¹</span> <span class='ocrx_word' id='word_1_316' title='bbox 148 3920 289 3986; x_wconf 84' lang='lat' dir='ltr'>oilianda</span> <span class='ocrx_word' id='word_1_317' title='bbox 312 3922 414 4000; x_wconf 85' lang='lat' dir='ltr'>erunt,</span> <span class='ocrx_word' id='word_1_318' title='bbox 437 3919 479 3984; x_wconf 87' lang='lat' dir='ltr'>sit</span> <span class='ocrx_word' id='word_1_319' title='bbox 502 3920 715 3988; x_wconf 84' lang='lat' dir='ltr'>manifestum.</span> <span class='ocrx_word' id='word_1_320' title='bbox 760 3921 843 3986; x_wconf 90' lang='lat' dir='ltr'>Hinc</span> <span class='ocrx_word' id='word_1_321' title='bbox 866 3921 975 4004; x_wconf 88' lang='lat' dir='ltr'>liquet,</span> <span class='ocrx_word' id='word_1_322' title='bbox 996 3923 1063 3985; x_wconf 88' lang='lat' dir='ltr'>tam</span> <span class='ocrx_word' id='word_1_323' title='bbox 1086 3920 1119 3984; x_wconf 89' lang='lat' dir='ltr'>in</span> <span class='ocrx_word' id='word_1_324' title='bbox 1142 3921 1339 4003; x_wconf 85' lang='lat' dir='ltr'>praelata-</span> <span class='ocrx_word' id='word_1_325' title='bbox 1357 3921 1404 3985; x_wconf 90' lang='lat' dir='ltr'>lo-</span> 
     </span>
    </p>
   </div>
   <div class='ocr_carea' id='block_1_7' title="bbox 30 4024 1574 4110">
    <p class='ocr_par' dir='ltr' id='par_1_7' title="bbox 30 4024 1574 4110">
     <span class='ocr_line' id='line_1_36' title="bbox 30 4024 1574 4110; baseline -0.001 -20"><span class='ocrx_word' id='word_1_326' title='bbox 30 4079 31 4084; x_wconf 62' lang='grc'>,</span> <span class='ocrx_word' id='word_1_327' title='bbox 149 4024 1403 4110; x_wconf 67' lang='grc' dir='ltr'><strong>0011006006(16001000001101160(1600.10000600111Π.-0000010</strong></span> <span class='ocrx_word' id='word_1_328' title='bbox 1513 4075 1574 4091; x_wconf 15' lang='grc' dir='ltr'>,η</span> 
     </span>
    </p>
   </div>
   <div class='ocr_carea' id='block_1_8' title="bbox 149 4128 1405 4632">
    <p class='ocr_par' dir='ltr' id='par_1_8' title="bbox 149 4128 1405 4632">
     <span class='ocr_line' id='line_1_37' title="bbox 149 4128 1403 4216; baseline 0 -22"><span class='ocrx_word' id='word_1_329' title='bbox 149 4129 311 4216; x_wconf 84' lang='lat' dir='ltr'>praesenti</span> <span class='ocrx_word' id='word_1_330' title='bbox 334 4128 503 4207; x_wconf 85' lang='lat' dir='ltr'>Decretali,</span> <span class='ocrx_word' id='word_1_331' title='bbox 522 4131 704 4211; x_wconf 75' lang='lat' dir='ltr'>ponb&#39;ficcm</span> <span class='ocrx_word' id='word_1_332' title='bbox 724 4131 809 4213; x_wconf 78' lang='lat' dir='ltr'>loqui</span> <span class='ocrx_word' id='word_1_333' title='bbox 836 4132 875 4196; x_wconf 89' lang='lat' dir='ltr'>de</span> <span class='ocrx_word' id='word_1_334' title='bbox 896 4129 1256 4196; x_wconf 72' lang='lat' dir='ltr'>excommunicationum</span> <span class='ocrx_word' id='word_1_335' title='bbox 1279 4129 1403 4212; x_wconf 76' lang='lat' dir='ltr'>quidem</span> 
     </span>
     <span class='ocr_line' id='line_1_38' title="bbox 149 4234 1404 4318; baseline -0.001 -17"><span class='ocrx_word' id='word_1_336' title='bbox 149 4234 294 4302; x_wconf 72' lang='lat' dir='ltr'>toleratis</span> <span class='ocrx_word' id='word_1_337' title='bbox 317 4234 523 4318; x_wconf 73' lang='grc'><strong>(0001600006</strong></span> <span class='ocrx_word' id='word_1_338' title='bbox 545 4255 654 4315; x_wconf 80' lang='lat' dir='ltr'>nempe</span> <span class='ocrx_word' id='word_1_339' title='bbox 675 4236 870 4317; x_wconf 79' lang='lat' dir='ltr'>sepulturum</span> <span class='ocrx_word' id='word_1_340' title='bbox 900 4254 963 4300; x_wconf 82' lang='lat' dir='ltr'>uon</span> <span class='ocrx_word' id='word_1_341' title='bbox 987 4235 1145 4316; x_wconf 82' lang='lat' dir='ltr'>polluitur</span> <span class='ocrx_word' id='word_1_342' title='bbox 1180 4235 1404 4314; x_wconf 82' lang='lat' dir='ltr'>coemeterium,</span> 
     </span>
     <span class='ocr_line' id='line_1_39' title="bbox 149 4337 1403 4422; baseline -0.002 -16"><span class='ocrx_word' id='word_1_343' title='bbox 149 4358 287 4422; x_wconf 88' lang='lat' dir='ltr'>cumque</span> <span class='ocrx_word' id='word_1_344' title='bbox 310 4357 380 4405; x_wconf 90' lang='lat' dir='ltr'>cum</span> <span class='ocrx_word' id='word_1_345' title='bbox 403 4337 453 4402; x_wconf 90' lang='lat' dir='ltr'>his</span> <span class='ocrx_word' id='word_1_346' title='bbox 476 4339 804 4404; x_wconf 83' lang='lat' dir='ltr'>communicaverimus</span> <span class='ocrx_word' id='word_1_347' title='bbox 828 4339 917 4417; x_wconf 79' lang='lat' dir='ltr'>vivis,</span> <span class='ocrx_word' id='word_1_348' title='bbox 942 4340 1173 4405; x_wconf 86' lang='lat' dir='ltr'>communicare</span> <span class='ocrx_word' id='word_1_349' title='bbox 1196 4339 1292 4403; x_wconf 85' lang='lat' dir='ltr'>etiam</span> <span class='ocrx_word' id='word_1_350' title='bbox 1315 4338 1403 4404; x_wconf 85' lang='lat' dir='ltr'>licite</span> 
     </span>
     <span class='ocr_line' id='line_1_40' title="bbox 150 4442 1405 4529; baseline -0.002 -21"><span class='ocrx_word' id='word_1_351' title='bbox 150 4463 318 4529; x_wconf 86' lang='lat' dir='ltr'>possumus</span> <span class='ocrx_word' id='word_1_352' title='bbox 341 4463 412 4508; x_wconf 90' lang='lat' dir='ltr'>cum</span> <span class='ocrx_word' id='word_1_353' title='bbox 436 4443 552 4507; x_wconf 84' lang='lat' dir='ltr'>eisdem</span> <span class='ocrx_word' id='word_1_354' title='bbox 576 4442 741 4522; x_wconf 85' lang='lat' dir='ltr'>defunctis,</span> <span class='ocrx_word' id='word_1_355' title='bbox 765 4446 856 4526; x_wconf 87' lang='lat' dir='ltr'>prout</span> <span class='ocrx_word' id='word_1_356' title='bbox 878 4462 913 4508; x_wconf 83' lang='lat' dir='ltr'>er</span> <span class='ocrx_word' id='word_1_357' title='bbox 936 4444 1046 4527; x_wconf 82' lang='lat' dir='ltr'>regula</span> <span class='ocrx_word' id='word_1_358' title='bbox 1061 4445 1164 4509; x_wconf 83' lang='lat' dir='ltr'>tortus</span> <span class='ocrx_word' id='word_1_359' title='bbox 1192 4443 1405 4508; x_wconf 85' lang='lat' dir='ltr'>antecedentis</span> 
     </span>
     <span class='ocr_line' id='line_1_41' title="bbox 151 4546 1405 4632; baseline -0.001 -20"><span class='ocrx_word' id='word_1_360' title='bbox 151 4547 294 4614; x_wconf 84' lang='lat' dir='ltr'>doctores</span> <span class='ocrx_word' id='word_1_361' title='bbox 317 4547 522 4614; x_wconf 86' lang='lat' dir='ltr'>communiter</span> <span class='ocrx_word' id='word_1_362' title='bbox 544 4546 693 4632; x_wconf 84' lang='lat' dir='ltr'>inierunt)</span> <span class='ocrx_word' id='word_1_363' title='bbox 719 4547 773 4612; x_wconf 89' lang='lat' dir='ltr'>scd</span> <span class='ocrx_word' id='word_1_364' title='bbox 797 4547 835 4618; x_wconf 86' lang='lat' dir='ltr'>de</span> <span class='ocrx_word' id='word_1_365' title='bbox 858 4547 1013 4626; x_wconf 85' lang='lat' dir='ltr'>vitandis,</span> <span class='ocrx_word' id='word_1_366' title='bbox 1036 4548 1089 4630; x_wconf 89' lang='lat' dir='ltr'>qui</span> <span class='ocrx_word' id='word_1_367' title='bbox 1112 4547 1250 4630; x_wconf 87' lang='lat' dir='ltr'>profecto</span> <span class='ocrx_word' id='word_1_368' title='bbox 1273 4546 1296 4610; x_wconf 94' lang='lat' dir='ltr'>ii</span> <span class='ocrx_word' id='word_1_369' title='bbox 1319 4549 1405 4626; x_wconf 82' lang='lat' dir='ltr'>sunt,</span> 
     </span>
    </p>
   </div>
   <div class='ocr_carea' id='block_1_9' title="bbox 0 0 1599 4848">
    <p class='ocr_par' dir='ltr' id='par_1_9' title="bbox 0 0 1599 4848">
     <span class='ocr_line' id='line_1_42' title="bbox 0 0 1599 4848; baseline 0 0"><span class='ocrx_word' id='word_1_370' title='bbox 0 0 1599 4848; x_wconf 95' lang='lat' dir='ltr'> </span> 
     </span>
    </p>
   </div>
  </div>
 </body>
</html>
