3080 4840
1242 6 1535 112 “lm-¹

1300 88 1314 105 οι
1398 80 1405 95 ⁵
1416 96 1421 105 .
1449 73 1454 84 ⁸

1299 111 1302 119 r
1379 106 1389 133 ⁴
1430 107 1435 114 ¹

211 196 273 260 166
308 211 423 267 Leonis
433 177 520 264 Xlll.
532 208 593 262 La.
604 212 702 277 apost.
713 209 740 262 4.
754 207 944 272 Morl.1878,
958 206 1111 261 hierarch.
1121 207 1214 274 episc.
1225 207 1263 259 ire
1274 203 1380 260 Scotto
1388 209 1455 260 rest.

161 447 164 454 .
193 383 293 450 ¹derio
316 380 475 448 sublatum
496 380 646 457 dolemus,
668 379 717 445 vel
735 380 775 443 ab
793 378 883 444 initio
901 377 950 442 sui
966 377 1184 455 Pontificatus,
1209 395 1281 441 cum
1297 376 1459 442 Missiones

209 488 242 552 in
259 485 450 551 nobilissimo
464 483 742 567 florentissimoquc
759 482 892 566 Angliae
908 501 1005 566 reguo
1020 481 1067 546 ita
1081 480 1248 566 profecisse
1264 481 1460 559 innotuisset,

209 594 247 656 ut
268 589 431 676 regiminis
452 587 667 656 Ecclesiastici
688 589 788 653 forma
810 587 843 651 iu
866 606 937 652 eum
960 586 1086 652 modum
1118 585 1245 651 restitui
1276 585 1399 667 posset,
1429 584 1459 648 in

210 716 269 780 quo
302 696 387 762 extat
420 713 512 778 penes
547 693 625 758 alias
660 692 830 757 catholicas
864 693 991 776 gentes,
1025 710 1096 756 suos
1130 690 1244 774 Anglis
1281 688 1461 755 Ordinsrios

209 801 374 884 Episcopos
402 798 530 864 reddero
550 796 673 863 curarit
694 796 797 862 literis
818 796 1006 879 Apostolicis
1029 795 1102 863 Kal.
1127 794 1273 860 Octobris
1297 794 1387 860 Anno
1409 794 1463 857 ln-

209 904 399 970 carnationis
422 901 604 968 Dominicae
628 901 794 966 millesimo
818 899 1077 985 octingentesimo
1092 898 1353 983 quinquagesimo
1368 898 1463 975 datis,

209 1028 340 1093 quarum
363 1006 489 1072 initium
518 1004 717 1072 Universolis
740 1005 912 1071 Ecclesiae.
951 1004 1024 1082 Et,
1061 1003 1204 1086 quoniam
1241 1002 1326 1066 haud
1362 1003 1463 1067 multo

208 1115 279 1196 post
301 1111 412 1177 iisdem
435 1109 626 1175 salutaribus
649 1108 902 1193 dispositionibus
930 1106 1067 1174 illustres
1097 1105 1285 1172 Hollaudiae
1314 1112 1352 1172 ac
1381 1107 1461 1170 Bra-

114 1217 117 1222 ’
210 1216 335 1283 tantiae
357 1215 498 1301 regiones
520 1213 581 1279 frui
604 1232 692 1297 posse
713 1214 916 1297 perspexerat,
943 1212 1026 1277 haud
1048 1211 1234 1276 immoratus
1262 1213 1310 1276 est
1333 1211 1465 1294 Episco-

210 1320 313 1405 palem
341 1318 559 1386 Hierarcbiem
593 1318 639 1384 ibi
670 1337 789 1402 quoque
823 1318 1015 1396 instaurare,
1050 1316 1131 1401 quod
1169 1315 1240 1381 aliis
1273 1316 1468 1400 Apostolicis

210 1425 311 1490 literis
333 1423 388 1490 IV.
412 1424 493 1490 Non.
507 1423 616 1489 Martii
640 1424 729 1488 Anno
745 1421 910 1488 millesimo
929 1420 1187 1506 octingentesimo
1203 1420 1467 1506 quinquagesimo

210 1529 304 1594 tertio
327 1527 424 1606 datis,
447 1526 591 1611 incipian.
638 1527 692 1592 Ec
713 1527 847 1610 quadie
869 1525 1038 1610 praestit't.
1084 1524 1170 1606 Quae
1192 1524 1335 1608 quidem,
1364 1527 1402 1588 ut
1427 1525 1468 1589 de

210 1633 357 1698 restituto
380 1631 604 1698 Patriarchatu
627 1630 903 1696 Hierosolimitauo
926 1629 1092 1708 sileamus,
1126 1627 1254 1712 provido
1283 1647 1357 1694 sane
1389 1648 1467 1694 con-

210 1737 281 1802 silio
302 1737 387 1802 iecta
410 1735 504 1802 fuisse
527 1754 563 1801 ex
587 1755 621 1802 eo
644 1735 763 1819 liquet,
799 1735 897 1818 quod,
934 1733 1057 1818 auspice
1085 1733 1190 1798 divina
1212 1733 1334 1817 gretia,
1367 1733 1467 1818 hujus

210 1840 241 1908 S.
266 1837 354 1906 Sedis
377 1840 599 1923 exspectationi
620 1840 711 1924 plane
735 1839 894 1922 respondit
916 1840 1064 1915 eventus3
1094 1841 1246 1921 quantum
1269 1838 1352 1902 enim
1378 1857 1467 1902 emo·

210 1942 343 2007 lomenti
366 1943 505 2010 Ecclesia
529 1944 692 2010 Catholica
714 1964 750 2009 ex
773 1943 949 2009 restaurata
972 1943 1148 2027 Episcopali
1162 1942 1350 2008 Hierarchie
1373 1943 1468 2008 utro-

211 2045 303 2130 bique
325 2049 507 2132 perceperit,
531 2049 673 2114 omnibus
698 2050 805 2114 uotum
828 2048 1083 2132 exploratumque
1106 2049 1163 2114 est.

176 2220 182 2238 ‚
315 2153 361 2217 At
384 2171 477 2238 aegre
499 2154 618 2220 ferebat
648 2153 836 2237 pientissimi
866 2152 1029 2218 Pontificis
1062 2152 1200 2230 animus,
1237 2149 1319 2235 quod
1352 2149 1468 2214 eedem

211 2275 278 2322 sors
300 2255 423 2324 Scotino
446 2276 566 2342 quoque
589 2259 759 2322 communis
778 2257 914 2322 nondum
938 2275 1004 2322 esse
1025 2256 1188 2340 potuisset.
1233 2255 1318 2337 Quae
1338 2256 1469 2336 paterni

211 2359 288 2444 Ejus
321 2361 416 2426 animi
447 2361 611 2454 aegritudo
642 2361 692 2426 vel
724 2361 797 2427 inde
828 2362 1011 2446 augebatur,
1044 2361 1126 2444 quod
1150 2360 1341 2442 compertum
1366 2360 1467 2437 esset,

211 2482 304 2547 quam
335 2465 445 2530 uberes
480 2484 662 2553 progressus
695 2465 727 2530 in
758 2465 862 2531 Scotia
882 2466 957 2531 olim
980 2464 1119 2531 Ecclesia
1143 2462 1309 2529 Catholioa
1331 2465 1467 2530 fecerat.

212 2567 354 2633 Profecto
378 2569 563 2653 quicumque
578 2569 611 2634 in
625 2569 844 2635 Ecclesiastico
859 2569 990 2636 historia
1006 2570 1055 2636 rol
1070 2589 1179 2654 parum
1195 2571 1336 2636 versatus
1351 2568 1464 2650 luerit,

152 2765 155 2770 Ι
210 2671 304 2754 probe
326 2672 413 2738 novit
435 2673 597 2759 Evangelii
618 2675 724 2740 lumen
748 2673 848 2741 Scotis
879 2676 1001 2740 mature
1032 2673 1186 2757 illuxisse,
1223 2673 1395 2758 siquidem,
1427 2677 1470 2740 ut

211 2774 337 2842 silentio
358 2779 590 2861 praetereamus
611 2798 691 2864 quae
713 2780 751 2845 de
775 2779 1003 2864 antiquioribus
1021 2780 1055 2845 in
1077 2779 1155 2843 illud
1179 2798 1310 2863 reguum
1328 2778 1469 2860 Aposto-

211 2880 281 2946 licis
312 2881 510 2970 missionibus
543 2883 605 2949 fert
641 2884 784 2965 traditio,
820 2885 988 2950 narrantur
1018 2883 1049 2950 S.
1080 2883 1235 2949 Ninianus
1257 2882 1380 2948 saeculo
1403 2882 1466 2949 IV.

212 2987 351 3066 exeunte,
374 2987 438 3070 qui,
461 2988 542 3054 teste
564 3007 631 3054 ven.
678 2989 783 3069 Beda,
813 2990 936 3073 Romae
951 2987 1059 3065 tidem,
1092 2989 1123 3052 et
1146 2986 1295 3073 mysteria
1317 2987 1467 3054 veritatis

213 3089 339 3155 edoctus
362 3091 475 3170 iuerat,
497 3092 528 3156 et
551 3091 674 3158 saeculo
699 3093 733 3158 V.
749 3091 779 3158 S.
800 3091 971 3172 Palladius,
997 3092 1154 3157 Ecclesiae
1174 3092 1331 3157 Romanae
1347 3091 1466 3157 Diaco-
1536 3129 1537 3166 ,

211 3212 281 3269 nus,
304 3211 393 3258 sacre
414 3193 514 3259 infula
538 3194 689 3275 decorati,
723 3196 769 3261 ibi
805 3195 922 3262 Christi
945 3195 1037 3260 fidem
1061 3195 1273 3279 praedicasse;
1309 3215 1365 3261 nec
1401 3215 1466 3262 non

150 3317 152 3325 ¹
213 3295 243 3362 S.
269 3297 420 3364 Columba
442 3299 522 3378 Ab,
551 3301 604 3384 qui
624 3300 747 3367 saeculo
768 3299 820 3365 Vl.
846 3319 880 3366 eo
904 3300 1042 3384 appulit,
1069 3300 1292 3366 Monasterium
1319 3303 1466 3366 constru-

212 3403 303 3481 xisse,
327 3421 362 3468 ex
383 3422 444 3488 quo
467 3403 556 3488 plura
579 3405 643 3470 alia
664 3404 853 3488 prodierunt.
890 3405 941 3484 Et,
965 3423 1155 3488 quamquam
1178 3424 1197 3469 a
1220 3405 1323 3470 medio
1338 3407 1465 3474 saeculo

214 3507 302 3574 vul.
326 3506 365 3572 ad
388 3507 443 3572 XI.
469 3509 508 3574 do
531 3509 742 3575 ecclesiastico
765 3509 888 3576 Scotiae
901 3509 1149 3575 statuhistorice
1164 3510 1349 3576 documenta
1364 3511 1465 3578 ferme

213 3611 370 3689 deficiant,
387 3612 552 3678 memoriae
567 3615 673 3680 tamen
688 3613 847 3696 proditum
862 3617 919 3692 est,
940 3614 1043 3698 plures
1060 3615 1106 3680 ibi
1120 3612 1295 3698 Episcopos,
1320 3615 1464 3697 quamvis

213 3715 334 3800 aliquos
357 3715 423 3781 sine
446 3718 540 3782 certis
562 3717 704 3796 sedibus,
730 3717 878 3784 extitisse.
925 3719 1094 3802 Postquam
1116 3737 1187 3783 vero
1211 3737 1334 3782 summa
1356 3736 1462 3784 rerum

213 3818 397 3885 Malcolmus
416 3820 475 3885 ΠΙ.
498 3821 587 3890 Anno
603 3821 734 3888 MLVII.
750 3822 867 3906 potitus
888 3824 945 3902 est,
970 3822 1036 3906 ejus
1059 3841 1160 3906 opera,
1185 3821 1330 3887 hortante
1346 3820 1462 3889 Sancta

213 3922 351 4008 Coniuge
372 3924 556 4010 Margarita,
577 3925 756 3992 Christiana
778 3927 910 4010 Religio,
933 3946 1012 4010 quae
1028 3927 1142 3992 slveob
1165 3929 1340 3992 exterorum
1363 3945 1462 4011 popu-

213 4027 315 4094 lorum
337 4029 543 4112 incursiones,
570 4030 633 4096 sive
655 4031 693 4097 ob
717 4030 817 4096 varies
841 4031 983 4115 politicas
1005 4031 1234 4098 vicissitudines
1263 4031 1348 4096 baud
1379 4030 1461 4099 levia

1532 3865 1535 4068 l

213 4131 328 4198 damna
339 4134 487 4214 subierat,
501 4135 636 4215 restitui,
654 4136 686 4200 et
698 4134 882 4218 amplificari
894 4136 1012 4219 coepit;
1036 4139 1068 4202 et
1083 4155 1162 4219 quae
1174 4137 1281 4201 extant
1296 4135 1398 4200 adbuc
1410 4157 1461 4202 sa·
1533 4139 1534 4166 ³

212 4254 333 4301 orarum
343 4236 476 4318 aedium,
486 4238 753 4320 Mouasteriorum,
766 4240 957 4324 aliorumque
965 4240 1180 4326 religiosorum
1190 4242 1459 4307 monumentorum

211 4337 369 4424 reliquiae,
387 4341 579 4427 splendidum
596 4345 722 4430 pietatis
739 4346 878 4410 veterum
894 4346 1054 4412 Scotorum
1071 4346 1221 4429 praebent
1233 4344 1458 4416 testimouium.

212 4443 288 4524 Sed,
318 4447 354 4511 ut
377 4465 456 4531 quae
478 4448 518 4513 ad
538 4469 604 4515 rem
626 4452 764 4517 nostram
787 4451 890 4536 potius
912 4449 1042 4529 iaciunt,
1066 4451 1202 4516 strictim
1225 4468 1458 4535 persequamur,
1532 4505 1533 4534 ,

212 4552 335 4619 constat
356 4552 480 4618 saeculo
500 4553 568 4624 XV.
593 4556 679 4622 sedes
703 4556 901 4641 Episcopeles
927 4556 1002 4622 adeo
1019 4557 1085 4640 jam
1107 4556 1292 4636 excrevisse,
1317 4558 1352 4622 ut
1378 4557 1457 4624 tres·
