3072 4872
140 229 236 304 Ubrtq
255 227 420 303 necepsos
437 187 603 303 penetrem
620 229 738 287 Noctem
756 243 798 286 ure
818 229 878 287 dem
894 229 1069 286 weiblicbem
1095 229 1233 286 Verkebr.
1292 213 1329 278 17

100 425 182 468 nsum
204 403 359 482 adhiberi,
376 402 429 468 sed
451 421 518 468 esse
533 403 635 486 potius
651 402 859 468 comburenda
873 403 907 487 ¹),
931 401 1146 486 multomagis
1168 402 1201 467 id
1216 403 1332 468 lacien-

99 509 165 573 dum
187 507 267 573 forte
289 506 412 572 videtur
428 507 466 572 dc
481 507 632 574 culicibus
648 508 680 571 et
697 508 834 588 patenis,
859 506 940 571 uasis
963 505 1091 584 seilicet,
1116 524 1195 589 quae
1217 507 1332 572 nedum

97 633 185 678 socru
208 613 373 680 evasennnt
394 612 537 696 preeibus
560 613 592 676 ct
615 610 813 675 unctionibus
840 610 878 674 ab
908 609 1039 675 ecclesia
1061 609 1093 674 in
1122 609 1201 675 libro
1222 609 1333 677 Pouli-

95 717 176 798 dccli
194 716 403 800 praescriptis,
424 735 531 781 verum
555 706 665 793 etiam,
690 714 770 798 quod
793 714 894 799 magis
918 716 967 779 est
988 714 1169 780 immediato
1192 721 1334 781 conductu

97 819 230 904 Corporis
253 825 285 888 ct
305 819 471 904 Sanguinis
483 820 522 886 D.
541 819 579 886 N.
595 819 626 885 J.
642 818 676 886 G.
685 819 712 904 ²)
734 819 959 884 Verumtamen
981 818 1085 903 rigida
1108 820 1201 885 nimis
1223 820 1333 904 hujus-

96 925 174 990 modi
194 927 277 991 esset
298 925 410 1009 opinio,
433 943 541 1007 neque,
563 923 590 988 si
612 923 724 1002 vellet,
749 941 845 1006 aeque
867 925 971 1006 posset
999 923 1039 987 ed
1074 924 1182 1007 praxin
1210 924 1332 991 adduci.

96 1028 250 1112 Numquid
273 1029 356 1094 enim
379 1027 511 1094 materia
533 1026 632 1111 pretio
656 1027 688 1092 et
710 1027 814 1092 valore
836 1026 1042 1092 aestimabilis
1058 1026 1261 1111 disperdenda
1275 1030 1335 1094 erit

97 1153 158 1197 cnm
179 1132 368 1216 possidentis
380 1131 520 1196 damno?
552 1131 623 1197 Non
643 1131 700 1196 hoe
717 1149 821 1196 mcum
837 1132 886 1196 est
899 1130 1078 1212 consilium.
1095 1132 1207 1216 quippe
1226 1133 1335 1212 fateor,

95 1238 179 1322 longe
203 1237 362 1302 decentius
384 1236 460 1315 iore,
485 1255 521 1301 ex
543 1235 653 1301 eadem
675 1235 808 1300 conflare
830 1253 924 1300 novos
941 1235 1063 1315 calices,
1085 1238 1225 1320 patenas,
1248 1238 1336 1324 pyri·

96 1343 152 1423 des,
176 1361 253 1409 vasa
275 1359 330 1425 pro
351 1359 373 1405 s.
390 1333 479 1418 oleis,
503 1358 528 1404 s.
550 1339 714 1422 imagines,
738 1358 874 1418 coronas,
899 1339 1095 1418 candelabra,
1119 1341 1214 1426 atque
1235 1339 1268 1404 id
1281 1360 1336 1426 ge·

94 1465 146 1510 nus
168 1446 234 1512 elia
255 1445 289 1510 in
310 1445 369 1511 Dei
391 1445 529 1524 cultum,
551 1440 734 1510 Sanctorum
758 1443 921 1525 honorem,
958 1445 990 1510 et
1020 1445 1218 1512 ecclesiarum
1243 1439 1336 1512 decus

94 1551 376 1632 ornamentumque.
422 1549 640 1615 llldbe‘lomc'uas
662 1547 762 1628 obsit,
784 1555 819 1615 m
841 1569 982 1614 ceuseom
1003 1547 1168 1630 illicitum,
1190 1551 1221 1616 ei
1242 1551 1338 1618 celiel

93 1657 195 1722 ecdem
219 1655 357 1720 concerti
379 1655 416 1720 iu
435 1675 514 1720 usus
523 1656 691 1736 profanos.
727 1654 811 1720 Nam
835 1653 931 1720 simul
955 1647 1135 1732 seculum,
1159 1657 1337 1739 argentum,

93 1778 140 1824 aes
161 1761 269 1825 tusum
292 1760 357 1837 est,
391 1759 524 1842 primam
558 1757 689 1823 formam
712 1757 850 1837 amittit,
886 1759 919 1823 et
948 1759 985 1822 ut
1006 1757 1169 1842 profanum
1192 1759 1337 1840 hebetur,

93 1883 125 1928 ae
145 1863 278 1946 proinde
299 1863 346 1928 ies
362 1864 421 1928 erit
437 1862 560 1942 artifici,
583 1864 676 1947 prout
697 1862 826 1944 mavult,
851 1862 891 1929 ed
909 1861 1067 1946 quodlibet
1081 1881 1158 1946 opus
1174 1863 1338 1986 informem

93 1967 175 2033 illam
199 1965 368 2033 materiem
392 1961 550 2031 adhibere.
739 1975 741 1980 ’

193 2071 335 2138 Diverso
357 2071 440 2136 rotie
465 2071 512 2134 est
536 2068 574 2134 de
598 2069 898 2153 suppellectibilibue
929 2071 978 2150 vel
1005 2071 1117 2149 lineis,
1150 2071 1200 2136 vel
1221 2072 1338 2152 scricis,

92 2194 178 2258 qnae,
202 2175 267 2240 nisi
288 2174 426 2238 flammis
446 2173 623 2252 tradantur,
647 2176 776 2257 possunt
797 2175 922 2258 quidem
940 2175 1035 2240 aliam
1057 2175 1184 2240 induere
1205 2177 1338 2242 formam

94 2280 193 2362 quoad
218 2298 311 2344 usum
327 2277 491 2358 diversum,
506 2278 569 2343 sed
589 2280 751 2362 nequeunt
765 2278 853 2346 illem
877 2280 1014 2364 perdere,
1037 2298 1116 2364 quae
1132 2279 1248 2345 eisdem
1263 2280 1339 2345 dats

92 2385 149 2448 l'uit
173 2403 192 2448 a
217 2384 346 2450 textore.

193 2487 300 2553 Idem
307 2487 473 2552 dicendum
497 2485 534 2552 de
557 2487 661 2571 liquis,
684 2505 763 2571 quac
782 2507 823 2552 ex
844 2487 957 2555 dirutis
981 2489 1118 2554 ecclesiis
1141 2491 1316 2574 supersunt.

194 2697 223 2766 1)
243 2696 308 2754 Cau.
326 2695 368 2751 38.
386 2697 420 2750 D.
439 2697 461 2751 Ι.
480 2696 522 2750 De
540 2713 611 2750 cons.
628 2696 796 2765 (gleieht'alls
815 2697 936 2766 untcht).

193 2783 222 2852 2)
239 2783 350 2848 tierent,
368 2783 429 2837 dass
450 2781 522 2837 dieue
540 2783 735 2838 unmittelbere
754 2784 918 2853 Berlihrung
936 2800 987 2838 nur
1003 2783 1050 2838 der
1069 2788 1204 2842 iacerem
1217 2784 1339 2854 Vcrpol·

93 2874 176 2944 decep
196 2870 244 2924 des
255 2870 370 2924 Kelches
392 2869 447 2922 und
464 2870 510 2924 der
530 2870 632 2924 Patenc
646 2887 678 2924 zu
697 2870 777 2924 Theil
797 2867 869 2936 aiud,
885 2871 1004 2940 grilndet
1022 2870 1080 2924 sich
1097 2869 1141 2924 dic
1158 2886 1211 2923 von
1222 2871 1338 2926 Fabius

92 2955 123 3010 de
141 2959 278 3012 Albertis
297 2957 351 3010 und
369 2955 497 3012 Cardinal
516 2957 697 3024 Gardell‘tme'
714 2957 915 3026 festgeheltene
933 2955 1068 3022 Ansicht,
1091 2956 1152 3010 dass
1180 2957 1238 3010 eine
1260 2973 1340 3013 meuc

5 3093 7 3100 ,
98 3044 296 3114 Verpoldamp
313 3043 454 3108 desselben
477 3035 520 3097 die
539 3041 780 3112 Nothwendigkeit
805 3043 879 3098 einer
904 3059 989 3098 neuen
1008 3041 1179 3116 consecratio
1203 3043 1267 3096 ruit<
1282 3043 1342 3096 sioh

5 3139 7 3156 ¹
92 3128 196 3198 brings.

197 3216 328 3271 Moucbe
348 3215 539 3271 Oamorec'steu
555 3215 649 3269 lehreu
668 3215 773 3280 andere,
792 3215 881 3268 wien.
900 3215 933 3268 B.
956 3214 1172 3284 Reiffemsluel,
1197 3219 1339 3270 comment.

94 3301 133 3355 ad.
152 3303 276 3356 Titulum
294 3301 327 3356 de
345 3301 544 3356 consecratione
563 3301 699 3366 ecclesiae,
721 3301 847 3357 walchem
865 3301 921 3356 Jos
940 3301 1003 3356 doh.
1022 3301 1089 3372 Nep.
1109 3303 1254 3366 Panemo,
1273 3303 1341 3356 Vor-

93 3381 595 3461 lesnngendberdesKirchenrecht.
638 3389 730 3456 Wien,
754 3385 954 3444 1803.Bd.11.
974 3388 1024 3442 Th
1042 3387 1080 3444 ΙΙ.
1108 3387 1132 3454 ὅ.
1157 3387 1216 3442 633.
1237 3387 1337 3456 dolgte:

61 3482 64 3486 ’
95 3475 197 3529 Wenn
216 3477 255 3529 sie
272 3491 323 3529 von
338 3457 441 3530 Neuern
458 3475 601 3544 uergoldet
619 3475 732 3540 werden,
753 3491 782 3528 so
799 3473 930 3529 bedl'rrfen
948 3474 987 3527 sie
1005 3474 1075 3528 nach
1094 3473 1141 3527 der
1159 3463 1342 3529 wahrschein-

93 3560 211 3615 licheren
233 3561 363 3630 Meinung
388 3562 466 3616 lisine
491 3578 558 3616 neue
581 3558 797 3618 consecration.‹
837 3561 943 3616 llbeneo
963 3557 1011 3615 Dr.
1035 3561 1091 3616 Jos.
1116 3560 1192 3616 Alex.
1211 3560 1339 3630 Helfert,

92 3647 243 3702 Hendbuch
265 3648 312 3702 des
329 3649 570 3714 Kirolreurechtes,
591 3665 639 3704 aus
656 3648 708 3704 den
728 3650 869 3718 gemeinen
886 3648 941 3703 und
960 3648 1203 3703 bstcmeichischen
1227 3648 1341 3716 Quellen

94 3735 358 3804 zusammengeetellt
375 3737 422 3794 IV.
443 3736 527 3804 dusg.
546 3737 571 3803 §-
591 3737 650 3792 429.
688 3736 822 3792 »Werden
838 3737 877 3790 sie
894 3735 953 3790 bles
973 3752 1024 3790 neu
1043 3735 1193 3805 uergoldet,
1213 3752 1242 3789 so
1260 3736 1341 3790 brau-

94 3819 162 3874 chen
181 3821 219 3874 sie
236 3822 314 3876 keine
332 3839 399 3878 neue
421 3823 542 3878 Weilie.‹

196 3908 291 3962 Dieser
307 3909 439 3964 letzteren
458 3908 573 3964 Ansicht
561 3909 743 3978 tgegeni'rber
760 3910 810 3964 het
829 3910 873 3966 die
891 3908 1073 3979 congregatio
1092 3907 1207 3962 Rituum
1225 3909 1274 3968 aut
1283 3911 1341 3964 eine

94 3993 214 4062 Aufrage
233 3994 280 4049 des
298 3995 422 4050 Bisehois
442 3997 628 4052 uonLc'lttc’cb
647 4011 691 4050 am
711 3997 751 4051 14.
762 3996 828 4052 Juni
848 3997 914 4052 1845
925 3997 1020 4052 andere
1035 3995 1250 4050 entsehiedeu.»
1237 3995 1341 4062 »Quum

94 4080 185 4135 dimne.
213 4081 369 4136 Leodiensis
395 4082 577 4152 episeopusS.
596 4083 628 4136 R.
649 4081 677 4137 O.
705 4083 781 4137 enixe
805 4099 855 4152 rog
856 4083 924 4148 erit,
951 4081 1139 4136 utdeclarsrc
1166 4081 1341 4150 dignaretur.
1383 4089 1385 4096 ’

94 4169 186 4221 utrum
204 4171 289 4222 calda
307 4171 335 4222 et
348 4175 465 4240 patema
484 4185 560 4223 suam
578 4169 710 4224 amittant
723 4170 948 4226 consecrationem
958 4185 1006 4237 per
1023 4183 1119 4222 novem
1137 4167 1342 4222 deaurationem

96 4253 162 4305 et
140 4270 180 4307 sic
196 4253 338 4323 indigeant
354 4271 423 4310 nove
442 4255 661 4310 consecratione?
1303 4274 1305 4277 ·

198 4341 224 4395 S.
243 4340 323 4396 1111.
342 4343 378 4396 ad
395 4343 555 4397 Vaticanum
574 4343 735 4410 subsignata
763 4340 806 4395 die
831 4342 859 4394 in
877 4341 1019 4394 ordinariis
1035 4339 1159 4395 Comitiis
1178 4340 1337 4405 coadunata,

96 4424 129 4478 ad
146 4427 306 4482 relationem
325 4429 466 4484 Secretarii
485 4429 640 4498 rescripsit:
669 4428 873 4497 Affirmatc've,
892 4427 1017 4480 aurittere
1030 4425 1157 4478 nimirum
1170 4429 1199 4479 et
1217 4426 1340 4494 indigere

15 4537 16 4540 ¹
95 4511 173 4577 juxta
193 4515 323 4582 exposita.
358 4513 392 4568 N.
413 4515 488 4569 5011.
509 4514 553 4569 die
571 4515 614 4568 14.
630 4513 697 4568 Juni
716 4514 808 4568 isla«

15 4603 17 4615 '
198 4602 396 4666 Membratim,
419 4601 526 4656 decreta
543 4599 710 4676 authentice.
730 4600 751 4653 Ι.
770 4615 795 4667 p.
814 4599 874 4652 525.

16 4676 17 4680 ’
129 4685 223 4734 erens
237 4687 279 4734 mr
295 4687 485 4736 saonensem.
501 4685 557 4732 xe.
1138 4681 1184 4741 ’2
