3072 4872
183 196 225 260 50
281 213 391 276 'Kobra
411 213 457 268 De
475 214 586 282 sepult.
606 214 712 268 assect.
730 212 808 284 Aug.
827 213 876 267 vet
892 213 986 268 Helo.
1000 211 1130 280 confess.
1147 214 1184 266 c'a
1204 212 1411 290 coemgcatb.

286 386 394 450 Posita
418 385 491 450 dein
514 385 646 450 veritate
670 385 785 468 absque
817 385 901 449 omni
933 384 1041 465 dubio,
1064 384 1103 450 ad
1132 384 1347 468 quaestionem
1391 383 1450 446 de-

182 490 438 569 monstrandam,
471 509 526 573 per
556 487 749 572 sepulturam
781 489 968 554 asseclarum
998 489 1199 554 confessionis
1229 488 1451 572 Augustanus

182 593 231 660 vel
254 593 437 658 Helveticae
457 593 677 658 coemeterium
702 592 890 658 catholicum
914 612 974 658 non
997 593 1109 676 pollui,
1134 591 1427 676 transgrediemur.

287 697 412 763 Hacrn
429 697 645 782 disquisitione
663 689 773 763 nostra
796 699 873 762 duas
896 697 1066 763 sententias
1089 696 1290 782 subjiciemus
1314 697 1399 761 crisi
1417 699 1452 759 et

182 801 331 886 quidem:
412 841 416 848 =

289 925 317 974 a.
341 905 529 972 sententiam
555 924 671 985 eorum,
695 926 748 989 qur
739 904 886 986 docent,
908 925 963 989 per
986 905 1177 988 sepulturam
1203 906 1339 971 asseclae
1367 925 1451 970 eon·

93 1073 95 1078 ,
182 1011 326 1105 fessionis
359 1009 485 1094 August
481 1027 563 1074 anae
597 1011 646 1075 vel
676 1010 898 1082 Helveticae
889 1031 922 1075 m
955 1011 1138 1076 coemeterio
1170 1010 1326 1075 catholieo
1357 1009 1471 1074 illud·

182 1116 291 1201 pollui
406 1125 411 1138 ‘
1089 1172 1092 1178 .

287 1221 317 1288 b.
341 1219 531 1310 sententiam
555 1237 669 1297 eorum,
694 1218 748 1300 qui
771 1217 961 1285 contrarium
984 1217 1129 1283 docentes
1160 1217 1286 1297 dicunt,
1316 1232 1453 1282 coeme-

183 1325 298 1390 terium
320 1303 509 1391 catholicum
532 1322 616 1387 nullo
639 1322 730 1388 modo
751 1343 805 1406 per
825 1323 1054 1407 sepulturamt
1040 1323 1136 1390 talem
1152 1341 1207 1388 suo
1222 1322 1341 1406 privari
1362 1323 1451 1387 cba-

183 1431 304 1495 ractere
326 1447 423 1508 sacro,
446 1428 509 1494 imo
532 1427 679 1510 hodierno
701 1429 842 1511 tempore
857 1427 991 1492 asseclas
1014 1426 1211 1492 confessionis
1230 1427 1451 1511 augustanae

183 1533 233 1600 ved
256 1533 439 1599 Helveticae
457 1551 583 1616 prorsus
607 1533 655 1597 uti
679 1533 849 1598 catholicos
872 1551 939 1598 esse
961 1531 1164 1615 sepeliendos.

146 1655 148 1660 ·
289 1638 359 1704 Hoc
382 1656 471 1722 opere
495 1636 638 1702 absoluto
663 1637 703 1701 ad
728 1636 975 1721 disquisitionem
999 1635 1240 1720 thravagantis
1254 1635 1450 1704 Martinib'.

187 1742 417 1808 »adnitenda«
443 1741 645 1807 transibimus
669 1741 824 1824 simulque
840 1741 1038 1806 ostendemus
1064 1743 1096 1806 et
1113 1740 1227 1823 absque
1243 1740 1329 1804 omni
1345 1740 1449 1805 dubio

150 1866 152 1872 ’
184 1865 341 1931 ponemus,
365 1846 605 1912 tumulationem
629 1839 1003 1913 excommunicatorumt
988 1846 1102 1913 ttolera
1088 1849 1210 1923 t‚orum
1242 1845 1351 1928 quales
1384 1847 1449 1909 ho-

184 1952 292 2016 dierna
323 1952 373 2017 die
404 1954 477 2017 sunt
498 1952 634 2018 asseclae
666 1952 866 2018 confessionis
889 1953 1093 2036 Augustanae
1123 1950 1173 2017 vel
1195 1949 1421 2015 Helveticae
1411 1971 1448 2012 ru

185 2057 369 2122 coemeterio
392 2056 555 2136 catholico,
578 2055 647 2122 lieri
669 2056 790 2135 illicite,
815 2057 954 2122 attamen
977 2055 1186 2122 tumulatione
1210 2056 1294 2119 lacta
1317 2073 1445 2119 coeme-
1523 2109 1524 2116 .

184 2161 301 2226 terium
321 2180 413 2226 snum
435 2143 649 2228 characterem
672 2180 795 2227 sacrum
820 2181 881 2227 non
904 2162 1060 2228 amittere.
1101 2201 1107 2210 ·

291 2475 410 2558 Quibus
431 2475 464 2540 in
486 2474 610 2540 casibus
631 2473 783 2558 polluitur
807 2475 1026 2541 coemeterium
1049 2475 1267 2541 catholicum?

290 2580 410 2663 Quibus
433 2599 468 2645 ex
492 2579 593 2644 causis
616 2577 769 2663 polluitur
792 2579 934 2656 ecelesia,
954 2579 1063 2645 iisdem
1079 2579 1231 2666 polluitur
1246 2578 1343 2644 etiam
1368 2596 1444 2642 eoe-

185 2685 361 2760 meterium.
406 2684 475 2750 Hoc
498 2683 716 2750 universaliter
738 2687 907 2768 receptum.
1164 2691 1167 2701 ¹

295 2791 463 2874 Propterea
485 2789 704 2855 coemeterium
727 2789 862 2855 babetur
882 2789 1055 2873 pollutum:

297 2896 325 2962 1.
349 2897 410 2962 Per
431 2893 635 2960 homicidium
656 2894 690 2958 in
710 2894 775 2961 loco
800 2913 886 2961 sacro
910 2894 1132 2978 perpetratum.
1187 2893 1236 2957 Ita
1267 2891 1378 2957 docent
1402 2911 1441 2957 ex

186 2999 341 3084 antiquis:
362 3020 404 3066 c.
442 3001 492 3065 19.
524 2998 581 3066 dis.
613 3001 640 3064 1.
673 2997 712 3062 de
742 3018 891 3077 consecr.;
931 2999 1028 3065 Divus
1059 2997 1208 3064 Antonin.
1243 2997 1276 3061 iu
1306 2996 1441 3062 Summa

166 3095 275 3188 part..
287 3105 318 3171 3.
342 3104 392 3170 tit.
424 3105 474 3169 12.
505 3103 544 3169 de
572 3121 706 3170 consecr.
737 3103 811 3170 eccl.
843 3123 889 3187 cp.
925 3105 967 3170 6.
986 3104 1014 3187 ξ.
1045 3105 1094 3181 4.;
1138 3102 1248 3168 Zerola
1279 3101 1311 3166 in
1343 3095 1439 3166 Praxi

187 3207 291 3291 Hpisc.
314 3209 397 3274 verb.
419 3208 529 3292 pollut.
556 3225 616 3274 ecc.
640 3225 718 3272 vers.
743 3208 852 3290 prim.;
887 3208 1040 3273 Ascanius
1061 3207 1270 3273 Tamburinus
1301 3204 1339 3271 de
1365 3206 1439 3289 jure

176 3312 348 3378 ,Abbatum
371 3313 436 3378 tom
461 3313 489 3380 1.
511 3311 589 3394 disp.
614 3312 666 3376 23.
695 3332 745 3395 qu.
773 3312 821 3379 11.
852 3314 954 3389 n.1.;
989 3313 1143 3376 Antonius
1174 3312 1211 3376 de
1237 3312 1372 3376 Hscober
1408 3313 1441 3376 et

186 3417 337 3484 Mendoza
356 3419 389 3483 iu
411 3418 505 3485 theol.
529 3417 638 3483 moral.
659 3417 735 3484 trae.
760 3419 807 3484 6.:
843 3437 939 3483 exam.
960 3418 990 3482 4.
1022 3437 1068 3500 cp.
1103 3418 1131 3483 4.
1156 3437 1183 3484 n.
1211 3418 1317 3500 32.-p.
1348 3417 1439 3491 727.;

187 3522 361 3588 Ludovicus
384 3522 546 3606 caspensis
570 3521 603 3586 in
628 3515 715 3588 durs.
738 3522 836 3587 theol.
861 3523 937 3588 tom.
961 3523 990 3586 2.
1015 3523 1082 3586 trac
1113 3522 1141 3587 8.
1174 3541 1220 3604 cp.
1256 3521 1285 3587 5.
1315 3539 1375 3585 seo.
1407 3523 1437 3586 2.

188 3645 218 3690 n.
244 3628 301 3705 72;
339 3626 474 3691 Thomas
496 3625 636 3691 Delbene
666 3625 704 3690 de
729 3625 891 3692 Immuoit.
915 3625 989 3692 ecel.
1015 3626 1090 3691 tom.
1118 3625 1147 3692 1.
1177 3644 1223 3707 cp.
1248 3625 1278 3689 2.
1303 3622 1375 3690 dub.
1407 3625 1438 3691 2.

188 3749 248 3798 see.
275 3732 304 3797 1.
326 3751 358 3797 n.
381 3732 429 3809 2.;
464 3729 681 3795 Perdina'ndus
704 3729 788 3798 Cast.
813 3730 928 3794 Peleus
950 3730 1025 3794 tom.
1049 3731 1079 3793 2.
1111 3730 1187 3794 trac.
1214 3730 1264 3795 11.
1295 3728 1373 3810 disp.
1410 3730 1437 3795 l.

186 3855 277 3919 pune.
304 3837 332 3902 1.
356 3855 385 3901 n.
413 3836 456 3912 1.;
492 3834 701 3918 Hieronymus
724 3835 937 3900 Busembaum
959 3833 992 3898 in
1013 3832 1153 3898 Medulla
1175 3833 1352 3918 theologiae
1381 3833 1437 3898 lib.

189 3940 245 4006 VI.
267 3941 345 4006 trac.
369 3941 398 4006 3.
420 3938 492 4005 dub.
515 3939 545 4006 4.
563 3957 642 4004 vers.
665 3957 720 4022 per
741 3939 880 4015 factum;
904 3938 1102 4023 Augustinus
1114 3937 1254 4004 Barbosa
1271 3937 1308 4002 de
1324 3926 1437 4020 potest.

189 4041 291 4127 Hpisc.
314 4041 379 4133 par.
404 4045 432 4110 2.
468 4043 520 4107 all.
554 4043 606 4108 28.
629 4063 659 4108 n.
691 4044 739 4121 2.;
775 4043 892 4128 Sannig
915 4043 1056 4109 Univers.
1088 4043 1140 4127 jus
1175 4061 1282 4110 canon.
1316 4041 1372 4106 lib.
1408 4043 1437 4107 3.

52 4177 53 4180 ¹
188 4148 312 4214 Decret.
337 4147 399 4215 Tit.
423 4147 487 4214 XL.
520 4167 567 4230 cp.
593 4148 621 4213 1.
647 4167 675 4212 n.
699 4149 752 4232 9.;
787 4147 1065 4231 Sobmalagruebor
1087 4146 1196 4213 Clarus
1226 4165 1305 4214 saec.
1332 4147 1364 4210 et
1387 4165 1436 4210 re·

187 4251 254 4336 gul.
279 4251 482 4318 seuDeeret.
504 4249 649 4335 Gregorii
673 4250 729 4318 IX.
754 4253 802 4320 Pf.
826 4253 888 4319 Mn.
912 4252 966 4320 lib.
990 4254 1020 4318 3.
1037 4252 1160 4320 Decret.
1185 4251 1239 4317 lib.
1263 4254 1292 4318 3.
1317 4270 1382 4334 par.
1407 4253 1436 4316 2.

117 4383 125 4398 ⁶
188 4355 240 4424 tit.
257 4355 322 4421 XL.
338 4356 367 4441 §-
383 4357 440 4424 ΠΙ,
457 4356 583 4437 Quaest.
594 4345 596 4350 ’
607 4358 655 4435 3.;
679 4375 715 4422 ex
729 4358 969 4424 recentioribus:
994 4357 1036 4424 Μ.
1049 4358 1080 4424 J.
1094 4356 1236 4436 Gousset,
1247 4355 1437 4421 Moraltheo-

188 4461 272 4546 logie
293 4461 334 4529 H.
358 4461 416 4529 Bd.
438 4481 484 4546 cp.
511 4465 540 4530 6.
562 4482 592 4528 n.
616 4461 680 4526 308
703 4463 736 4526 et
760 4463 834 4528 311.
858 4483 886 4548 p.
913 4463 984 4529 179.
1009 4461 1092 4527 Hdit.
1108 4460 1312 4545 Regensburg
1333 4459 1418 4523 1869
1426 4485 1437 4540 ;

188 4566 334 4652 rnrmps,
364 4567 527 4633 seorsum
558 4567 612 4634 ces
640 4567 901 4634 herchenradus
930 4568 972 4634 rr.
999 4566 1096 4634 narn.
1127 4565 1186 4632 aa.
1214 4567 1244 4633 a.
1266 4564 1382 4630 nosen.
1405 4567 1433 4630 a.
1501 4532 1526 4852 p
