3080 4840
198 191 258 254 176
403 208 518 263 Leonte
538 208 598 262 PP.
617 207 702 261 XIII.
716 207 883 275 Errcqclc'ca
902 209 951 262 dd.
973 207 1018 261 28.
1034 209 1133 276 April.
1152 210 1236 264 1878.

196 401 271 464 gare
292 381 408 456 audeat
431 357 605 446 EcclesIam'
627 399 703 458 esse,
728 399 807 464 quae
830 380 942 444 diffuso
966 399 1020 463 per
1043 381 1151 465 gentes
1174 382 1338 466 Evangelii
1361 403 1462 467 prae<

196 487 294 567 conio,
318 487 422 550 lumen
444 487 587 552 veritatis
611 487 692 551 inter
720 485 863 550 efferatos
886 486 1015 569 populos
1039 487 1070 550 et
1093 487 1191 552 foedis
1215 487 1453 570 superstitioni-

199 591 258 654 bus
280 591 422 672 imbutos'
442 591 581 668 adduxit,
605 611 716 674 eosque
740 591 779 655 ad
803 591 942 654 divinum
965 610 1067 671 rerum
1094 593 1253 658 auctorem
1277 611 1456 675 agnoscen-

195 697 268 760 dum
293 697 325 760 et
349 714 416 760 sese
437 695 645 778 respiciendos
667 695 832 772 excitavit3
867 713 946 777 quae
969 696 1131 760 servitutis
1163 696 1347 778 calamitate
1377 699 1455 762 aub-

193 800 270 878 lata,
295 799 334 863 ad
356 799 519 883 pristinam
543 800 674 864 naturae
697 799 910 865 nobilissimae
943 799 1132 883 dignitatem
1158 801 1299 865 homines
1322 820 1457 868 revoca·

102 902 104 907 ’
196 903 260 980 vit;
299 923 377 986 quae
400 903 433 967 in
463 903 605 968 omnibus
640 905 741 968 terrae
771 904 874 986 plagis
905 903 1125 986 redemptionis
1160 905 1249 988 siguo
1284 903 1455 986 explicato,

194 1007 333 1074 scientiis
355 1011 387 1072 et
411 1008 531 1072 artibus
552 1007 695 1072 adductis
719 1009 774 1072 aut
798 1026 853 1072 suo
876 1008 969 1072 tectis
991 1009 1155 1090 praesidio,
1180 1008 1307 1094 optimis
1331 1011 1455 1075 carita-

193 1112 236 1176 tis
258 1111 430 1189 institutis,
452 1110 538 1194 queis
558 1111 659 1175 omnis
682 1111 804 1194 generis
828 1112 984 1176 aerumnis
1007 1113 1185 1177 consultum
1208 1115 1273 1190 est,
1306 1113 1455 1180 fundatis

194 1218 226 1280 et
245 1215 276 1278 in
299 1215 433 1279 tutelam
453 1214 604 1297 receptis,
628 1215 742 1296 ubique
765 1213 927 1279 hominum
949 1234 1048 1298 genus
1075 1216 1223 1298 privatim
1258 1219 1290 1282 et
1322 1219 1456 1300 publice

193 1319 345 1396 excoluit,
376 1337 395 1382 a
415 1317 556 1401 squalore
578 1317 748 1384 vindicavit
772 1320 803 1383 et
826 1319 865 1383 ad
888 1319 972 1384 vitae
995 1320 1135 1404 formam,
1160 1320 1315 1387 humanae
1340 1323 1455 1408 digni-

194 1424 256 1488 tati
276 1442 312 1488 ac
334 1422 401 1504 spei
424 1423 678 1500 consentaneam,
710 1423 793 1486 omni
826 1421 930 1486 studio
960 1424 1158 1507 composuit?
1199 1424 1287 1506 Quod
1321 1427 1350 1490 si
1382 1429 1456 1511 quis

194 1546 286 1592 sanae
310 1525 424 1617 mentis
447 1527 528 1592 hanc
550 1527 651 1610 ipsam
666 1545 727 1609 qua
742 1527 876 1591 vivimus
895 1528 1040 1606 aetatem,
1065 1527 1223 1612 Religioni
1239 1531 1271 1594 et
1287 1532 1455 1598 Ecclesiae

193 1631 310 1696 Christi
332 1631 593 1708 infensissimam,
625 1650 697 1695 cum
719 1631 759 1694 iis
783 1631 974 1714 temporibus
1004 1631 1263 1715 auspicatissimis
1291 1637 1453 1716 conferat,

193 1739 305 1822 quibus
327 1737 467 1802 Ecclesia
490 1737 537 1801 uti
561 1737 661 1800 mater
692 1735 878 1820 agentibus
909 1736 1085 1814 colebatur,
1121 1738 1244 1804 omnino
1274 1743 1454 1824 comperiet

193 1844 330 1908 aetatem
360 1843 441 1907 hanc
473 1842 610 1906 nostram
641 1839 927 1924 perturbationibps
960 1843 991 1906 et
1025 1841 1277 1907 demolitionibus
1308 1844 1452 1927 plenam,

191 1948 277 2010 recta
295 1965 331 2010 ac
349 1933 461 2028 rapide
484 1943 627 2008 insuam
649 1944 816 2026 perniciem
840 1963 947 2022 ruere;
982 1963 1019 2009 θα
1041 1964 1112 2010 vero
1135 1947 1275 2030 tempora
1305 1949 1453 2031 optimus

189 2051 357 2135 institutis,
374 2050 455 2114 vitae
469 2049 711 2131 tranquillitate,
731 2049 845 2131 opibus⁸
855 2049 887 2112 et
902 2049 1108 2132 prosperitate
1124 2070 1159 2115 eo
1175 2053 1278 2136 magis'
1293 2052 1453 2134 floruisse,

191 2175 251 2238 quo
273 2154 431 2222 Ecclesiae
453 2153 615 2236 regiminis
637 2172 673 2217 ac
695 2153 802 2236 legum
826 2171 892 2217 sese
915 2153 1162 2220 observantiores
1184 2155 1291 2238 populi
1314 2156 1452 2222 exhibu-

192 2263 293 2327 erunt.
317 2296 319 2306 ι
339 2259 428 2339 Quod
451 2259 477 2322 si
499 2259 635 2341 plurima
655 2277 691 2322 ea
723 2277 801 2340 quae
825 2259 1062 2323 memoravimus
1092 2260 1190 2337 bona,
1222 2261 1261 2324 ab
1285 2260 1451 2328 Ecclesiae

194 2363 368 2430 ministerio
384 2364 416 2428 et
437 2363 569 2428 salutari
585 2382 641 2446 ope
658 2362 804 2444 profecta,
830 2382 902 2427 vera
923 2366 996 2427 sunt
1011 2363 1220 2428 humanitatis
1237 2365 1339 2429 civilis
1352 2385 1453 2450 opera

194 2490 230 2536 ac
254 2470 375 2546 decora,
400 2469 525 2532 tantum
549 2467 636 2530 abest
659 2467 696 2530 ut
718 2465 876 2531 Ecclesiae
889 2465 1008 2530 Christi
1031 2468 1069 2532 ab
1094 2486 1130 2531 ea
1151 2467 1318 2533 abhorreat
1336 2488 1451 2536 eamve

194 2575 342 2659 respuat,
360 2575 399 2638 ut
419 2572 460 2636 ad.
481 2589 547 2636 sese
571 2570 676 2654 potius
702 2569 824 2636 altricis
846 2570 1022 2655 magistrae
1041 2572 1073 2635 et
1097 2571 1207 2636 matris
1231 2572 1298 2656 ejus
1318 2573 1451 2640 laudem

191 2681 316 2760 omnino
339 2677 464 2744 censeat
487 2675 652 2758 pertinere.
729 2729 733 2734 .
842 2739 846 2746 s
895 2759 899 2764 Ι
1051 2733 1053 2737 .

191 2759 204 2804 ”
295 2782 377 2863 Quin
392 2781 488 2846 immo'
499 2778 580 2844 illud
596 2779 697 2843 civilis
708 2777 914 2862 humanitatis
927 2795 1036 2860 genus,
1055 2779 1136 2860 quod
1152 2781 1270 2844 sanctis
1283 2781 1450 2849 Ecclesiae

191 2888 340 2954 doctrinis
361 2887 393 2952 et
414 2885 538 2970 legibus
559 2885 595 2948 'ex
619 2884 746 2949 adverso
762 2885 924 2966 repugnet,
948 2901 1009 2947 non
1024 2882 1110 2947 aliud
1134 2884 1195 2948 nisi
1219 2884 1321 2949 civilis
1337 2888 1447 2953 cultus

188 2993 374 3078 figmentum
397 2991 428 3055 et
451 2990 506 3054 abs
528 3007 561 3053 re
584 3007 695 3053 nomen
717 2987 810 3051 inane
832 2971 1006 3070 putandum
1029 2989 1095 3054 est..
1134 2987 1230 3071 OuJus
1257 2989 1304 3053 rei
1334 2983 1445 3056 mani·

189 3099 267 3163 testo
289 3097 363 3162 sunt
383 3095 568 3179 argumento
590 3092 696 3175 populi
715 3091 773 3170 illi,
798 3091 894 3180 queis
929 3091 1109 3175 evangelica
1135 3093 1189 3156 lux
1217 3111 1278 3157 non
1311 3093 1445 3174 affulsit,

189 3221 319 3286 quorum
342 3201 376 3264 in
396 3200 463 3264 vita
485 3199 576 3264 fucus
595 3188 724 3280 quidam
747 3196 939 3260 humanioris
964 3196 1066 3260 cultus
1089 3197 1223 3280 conspici
1253 3198 1376 3281 potuit,
1411 3201 1446 3264 at

190 3306 291 3372 solida
312 3307 345 3370 et
366 3322 439 3369 vera
462 3303 529 3386 ejus
554 3302 633 3368 bena
655 3319 714 3366 non
737 3302 914 3385 viguerunt.
967 3299 1219 3384 Haudquaquam
1243 3319 1317 3368 sane
1339 3303 1443 3369 civilis

188 3413 271 3478 vitae
293 3409 440 3494 perfectio
454 3426 491 3473 θα
512 3406 651 3471 ducenda
668 3408 724 3484 est,
748 3425 808 3489 qua
822 3405 966 3489 legttima
982 3423 1122 3489 quaeque
1136 3405 1275 3488 potestas
1291 3406 1443 3473 audacter

189 3514 415 3591 contemnitur;
450 3531 548 3594 neque
571 3511 757 3576 echbertus
780 3509 964 3593 reputanda,
988 3528 1068 3592 quae
1085 3509 1192 3596 effreni
1209 3529 1348 3575 errorum
1371 3531 1443 3595 pro·

188 3620 365 3704 pagatione,
380 3609 484 3701 pravis
500 3615 724 3699 cupiditatibus
738 3615 833 3680 libere
847 3614 1013 3698 explendis,
1039 3614 1229 3696 impunitate
1244 3614 1440 3700 flagitiorum

189 3728 221 3791 et
244 3725 404 3802 scelerum,
429 3721 623 3805 oppressione
646 3721 833 3804 optimorum
851 3719 965 3784 civium
982 3719 1130 3802 cujusque
1154 3719 1281 3799 ordinis,
1305 3721 1441 3805 turpiter
1518 3789 1522 3798 ,

188 3832 220 3895 eb
243 3829 355 3894 misere
378 3828 549 3911 grassatur.
596 3823 676 3891 Cum
698 3825 780 3890 enim
804 3843 930 3890 erronea
954 3824 1101 3907 pravast
1124 3825 1239 3889 absona
1261 3825 1340 3890 haec
1363 3825 1435 3906 sint,

188 3952 248 3998 uon
264 3952 333 3998 eam
355 3931 419 3996 vim
442 3931 579 4015 profecto
602 3930 736 4008 habent,
770 3931 806 3993 ut
837 3929 1007 3993 humanam
1035 3928 1189 3994 famiham
1212 3928 1376 4012 perficiant
1406 3931 1438 3994 et

187 4037 391 4121 prosperitate
415 4035 591 4112 fortunent,
614 4035 746 4098 mc'seros
768 4032 851 4096 enim
872 4032 953 4113 facit
971 4033 1108 4113 populos
1124 4034 1349 4119 pececfcm¹);
1384 4033 1437 4098 sed

187 4141 311 4206 omnino
333 4157 456 4205 necesse
480 4139 535 4218 est,
558 4140 593 4203 ut
617 4137 774 4204 mentibus
798 4139 830 4202 et
853 4136 996 4202 cordibus
1020 4136 1192 4219 corruptis,
1221 4136 1290 4221 ipsa
1312 4138 1346 4202 in
1370 4157 1435 4204 om-

186 4266 257 4311 nem
279 4245 383 4309 labem
405 4243 537 4327 pondere
561 4262 615 4308 suo
638 4243 766 4327 populos
782 4242 960 4322 detrudant,
985 4243 1105 4307 rectum
1121 4261 1274 4325 quemque
1294 4243 1430 4307 ordinem

419 4406 422 4437 l

294 4565 536 4640 amma
