3160 4848
151 243 240 308 1131333,
262 239 307 294 De
326 241 441 308 'sepult
460 239 567 295 asscel.
586 239 663 310 Aup.
691 237 846 340 aelfleda.
864 237 1047 306 ceroferalia
1065 249 1156 291 eoem.
1176 237 1254 290 cuth.
1318 219 1360 281 63

118 414 253 497 Theolog.
268 413 379 478 Moral.
403 412 458 479 lib.
485 413 513 478 l.
534 414 574 479 tr.
595 413 623 475 5.
640 432 687 494 pr.
702 413 734 478 ¹2.
758 429 805 494 cp.
830 411 859 476 4.
873 431 902 476 n.
923 411 964 488 1.‚
989 407 1153 476 Oabassnt.
1176 409 1208 472 iu
1225 408 1360 473 Theoria

118 521 147 582 et
165 517 251 581 Praxi
270 517 333 600 jur.
358 516 546 584 33333111).
572 516 609 584 V.
634 537 681 599 cp
709 518 759 582 11.
783 537 813 584 n.
839 518 868 583 3.
914 514 1015 598 Hngel
1038 514 1077 578 ad
1100 514 1155 581 lib.
1181 514 1211 579 5.
1234 513 1357 580 Decret.

116 623 163 688 tit.
187 624 235 688 39.
260 642 289 688 3.
314 623 366 687 56.
415 621 575 687 Wiestner
597 622 713 686 ibidem
738 643 767 688 3.
793 623 845 687 63.
901 619 986 684 Illud
1009 620 1124 697 tumen,
1148 619 1249 702 quoad
1280 619 1360 682 hanc

117 727 240 792 Martini
262 726 300 792 V.
325 726 581 792 constitutionem
607 726 855 792 »aconitanas«
882 725 995 790 mirum
1019 724 1118 790 videri
1130 724 1241 807 potest,
1266 723 1359 808 quod,

117 851 182 895 cum
205 831 242 895 ab
267 850 302 897 ec
325 830 476 896 Pontificc
509 832 542 894 in
567 830 798 896 Constantiensi
821 829 958 895 Concilio
986 829 1070 894 edita
1099 829 1195 893 inisse
1225 827 1359 906 dicatur,

116 935 197 1000 33113
217 938 323 1001 tamen
345 935 430 1000 illins
454 935 571 1000 ment-io
594 935 644 1000 vel
667 935 797 1000 minima
810 936 953 1000 occurrat
976 933 1094 1000 sivein
1118 932 1197 997 actis
1220 932 1358 1015 ejusdem

116 1040 248 1120 concilii,
281 1060 359 1124 qnae
383 1041 421 1104 ab
445 1039 603 1105 Hermann
626 1059 686 1105 von
708 1039 762 1104 der
783 1037 887 1103 Hardt
910 1038 1042 1104 collecta
1064 1039 1096 1103 et
1119 1056 1171 1103 sex
1193 1037 1359 1103 volumini·

115 1146 169 1208 bus
190 1145 221 1209 in
244 1145 317 1210 13113
340 1145 426 1210 edita
450 1145 585 1223 luerunt,
609 1143 640 1208 13
664 1145 775 1229 quibus
796 1144 1007 1222 minutissima
1031 1161 1171 1228 quaeque
1194 1142 1358 1223 habentur,

115 1269 189 1333 quae
210 1250 342 1334 singulis
366 1250 474 1315 diebus
507 1250 539 1313 in
562 1249 690 1314 concilio
721 1250 810 1333 gesta
835 1249 1033 1327 asseruntur,
1064 1248 1127 1314 sive
1157 1248 1190 1313 in
1219 1250 1267 1314 tot
1290 1249 1360 1314 aliis

116 1355 317 1420 monumentis
342 1355 381 1419 ad
410 1354 493 1420 idern
517 1354 681 1420 concilium
705 1353 954 1438 pertinentibuS‚
987 1373 1066 1437 qnae
1090 1356 1197 1420 extant
1220 1353 1252 1417 in
1275 1354 1359 1418 Lab·

33 1533 36 1546 ff
114 1459 208 1523 benna
231 1460 432 1525 conciliorum
457 1459 637 1554 collectione
660 1460 736 1526 torn.
762 1460 811 1525 12.
858 1459 941 1524 Hdit.
963 1459 1127 1539 Ρ3313133,
1150 1461 1213 1525 3133
1236 1459 1267 1524 13
1289 1459 1360 1523 31113

33 1571 34 1576 ’
114 1565 286 1648 nuperrime
308 1564 438 1647 prolatis
461 1583 480 1628 a
501 1563 665 1628 Dominico
688 1563 809 1628 Mansio
842 1563 875 1627 in
899 1578 953 1627 sno
983 1562 1199 1647 supplemento'
1227 1565 1304 1630 tom.
1328 1562 1359 1630 4.

114 1667 211 1748 Quare
228 1670 296 1734 tota
321 1669 407 1744 illius
436 1667 668 1752 constitutionis
691 1655 862 1733 auctoritas
885 1667 1058 1734 desumitur
1078 1689 1113 1735 ex
1139 1667 1360 1734 testificatione

33 1815 34 1818 =
114 1791 136 1839 3.
159 1773 320 1853 Antonini,
344 1773 397 1857 qui
422 1793 490 1838 eam
513 1793 567 1857 per
591 1775 750 1839 extensum
773 1773 876 1839 refert.
1331 1789 1333 1794 ·

33 1881 35 1890 ’
213 1877 246 1943 si
269 1898 344 1962 ergo
369 1880 525 1962 extravag.
543 1879 675 1943 Martini
689 1879 725 1946 V.
753 1878 811 1944 »ad
835 1878 1000 1945 evitandas
1027 1876 1203 1942 adhucdum
1226 1876 1311 1943 valet
1328 1877 1361 1941 et

61 2025 65 2038 ,
114 1982 157 2045 ad‘
171 1983 344 2048 haereticos
367 1985 517 2067 applicari
541 1984 654 2067 potest,
675 1983 800 2066 etquod
823 1984 880 2062 ita,
904 1985 1040 2049 testatur
1063 1983 1250 2048 Benedictus
1262 1981 1359 2061 xlv,

33 2089 34 2166 s
114 2087 177 2151 tum
199 2089 359 2153 subtracto
377 2087 579 2152 fundamento
602 2073 670 2152 tota
692 2088 811 2151 labitur
825 2087 949 2154 Albitii
973 2087 1083 2152 domus
1106 2087 1137 2150 et
1161 2086 1257 2150 etiam
1280 2086 1360 2150 illud

33 2173 35 2214 ³
114 2209 135 2254 s.
159 2192 256 2278 Oong.
281 2212 349 2276 sup.
374 2194 406 2256 et
429 2191 514 2259 univ.
538 2192 655 2276 Inquis.
680 2191 841 2257 oraculum
864 2191 901 2257 de
924 2191 987 2259 dte.
1012 2193 1040 2257 6.
1065 2191 1252 2257 Novembris
1277 2191 1357 2255 1641

114 2283 163 2361 sio
186 2296 372 2362 dest'tuitnr
396 2297 600 2363 fundamento
624 2298 718 2380 atque
741 2295 853 2364 valore.

213 2401 411 2485 Aspiciamns
434 2421 517 2468 nunc
539 2402 671 2478 alteram
695 2403 927 2469 canonistarum
950 2402 1091 2470 classem.

667 2555 755 2642 ’3.

214 2716 260 2780 De
282 2703 410 2800 iis‚'qui
434 2717 568 2782 asseclas
590 2713 789 2783 confessionis
814 2717 1018 2802 Augustanae
1038 2717 1087 2782 vel
1104 2715 1287 2783 Helveticae
1303 2715 1359 2780 iis·

34 2849 35 2852 ¹
115 2817 179 2885 deni
207 2839 231 2886 s.
254 2820 368 2886 ritibus
398 2823 435 2886 ut
464 2821 586 2900 fideles,
617 2822 666 2888 vel
693 2823 805 2887 saltem
835 2822 867 2887 in
899 2823 966 2888 loco
995 2841 1082 2888 sacro
1113 2823 1199 2887 licite
1230 2821 1360 2905 sepelire

34 2997 35 3004 ¹
115 2923 233 3006 jubent
256 2975 262 2996 .
607 3005 611 3024 1
1253 2943 1254 2952 ’
1286 3004 1289 3008 ,

34 3005 35 3038 ¹
213 3031 250 3095 In
273 3029 531 3113 praecedentibus
555 3032 740 3096 adduximus
762 3049 824 3109 333,
848 3031 901 3115 qui
925 3050 980 3114 per
1002 3019 1197 3115 sepulturam
1224 3030 1359 3096 asseclae

34 3151 35 3208 1
117 3117 308 3202 confessionis
337 3134 543 3220 Angustanae
573 3136 622 3202 vel
654 3135 837 3202 Helveticae
869 3136 1087 3201 coemeterium
1116 3135 1271 3219 pollutum
1299 3136 1358 3200 ha-

34 3247 35 3262 *
118 3237 237 3306 bebant.

218 3342 297 3410 Sunt
320 3365 396 3432 vero
412 3345 505 3411 multi
521 3347 574 3429 qui
597 3346 788 3413 contrarium
812 3346 957 3411 docentes
972 3363 1105 3429 eousque
1122 3343 1303 3428 procedunt,
1324 3345 1361 3409 ut

35 3511 36 3516 ,
120 3449 246 3514 33333133
268 3449 467 3515 confessionis
480 3451 683 3534 Augustanos
706 3451 754 3516 vel
767 3451 949 3516 Helveticae
965 3448 1126 3533 sepultura
1150 3449 1361 3514 ecclesiastica
1428 3475 1431 3483 ·

35 3617 37 3636 g
120 3569 144 3617 a.
174 3572 197 3618 s.
220 3553 361 3620 Ecclesia
392 3556 424 3619 13
448 3555 632 3639 sepeliendis
662 3553 813 3620 fidelibus
828 3556 953 3628 tantum
981 3554 1173 3638 praescripta
1202 3553 1360 3618 donandos

121 3655 266 3737 clament,
297 3659 346 3724 vel
368 3659 565 3725 immemores
591 3661 693 3726 locum
714 3680 837 3726 sacrum
860 3660 899 3725 ad
923 3660 1100 3745 sepulturae
1131 3655 1360 3724 ecclesiasticae

121 3762 267 3840 pertinere
290 3764 457 3842 notionem,
481 3784 532 3830 eos
553 3765 664 3831 saltem
688 3766 720 3830 in
743 3766 801 3831 hoc
822 3766 909 3830 licite
932 3763 1056 3848 sepeliri
1073 3762 1215 3849 jubeant.

216 3866 266 3931 Ad
291 3868 370 3933 hanc
394 3868 624 3934 canonistarum
646 3869 776 3934 classem
801 3868 968 3952 pertinent,

38 4049 39 4052 Ἴ
218 3973 302 4053 aii,
326 3974 380 4056 qui
409 3974 543 4039 asseclas
574 3974 771 4040 confessionis
795 3973 998 4059 Angustanae
1029 3973 1077 4037 vel
1100 3969 1283 4036 Helveticae
1313 3968 1361 4034 nti

38 4061 41 4072 ’
123 4070 220 4140 fidelos
243 4077 368 4160 sepeliri
391 4079 503 4144 docent
526 4081 677 4162 suntque:
1322 4096 1328 4106 ’

225 4182 253 4246 1.
276 4183 389 4247 Petrus
410 4183 448 4248 de
470 4180 984 4268 1113333111333131113333Μ333133
1003 4181 1034 4244 ct
1047 4178 1219 4254 Canonicae
1237 4179 1316 4245 tom.
1330 4179 1361 4245 2.
1436 4252 1441 4266 ,

124 4279 253 4351 troade
276 4286 326 4367 113,
359 4287 413 4372 qni
434 4289 594 4371 sepultura
617 4287 736 4373 injure
759 4287 941 4371 privantur,
972 4285 1149 4369 disquisitio
1172 4285 1210 4350 de
1230 4285 1362 4349 chom-

125 4403 200 4455 mun.
223 4390 295 4457 dub.
319 4391 379 4459 ΙΙΙ.
403 4413 433 4476 p.
456 4394 524 4459 172.
542 4390 625 4460 Hdit.
639 4393 784 4478 Lugduni
808 4393 909 4458 1666:
946 4389 1182 4456 subinnui:
1205 4392 1255 4454 An
1270 4389 1363 4454 hodie

125 4487 153 4553 iu
172 4490 235 4560 loco
257 4515 345 4562 sacro
368 4500 401 4563 et
422 4497 487 4563 ritu
511 4499 720 4564 ecclesiastico
747 4497 899 4563 tumulari
922 4499 1037 4580 quaeant
1059 4513 1164 4561 ornnes
1187 4514 1363 4560 excommn-

127 4593 212 4663 nicati
232 4602 344 4688 majori
366 4603 683 4678 excommunicatione
707 4603 847 4668 innodati
869 4601 908 4667 ab
932 4601 1072 4667 Ecclesia
1094 4599 1247 4665 tolerati?
