3072 4872
106 211 204 274 119119,
224 211 405 280 1199991911.
425 210 532 264 999991.
551 208 800 278 119999111919.
821 208 949 275 confess.
968 211 1113 263 1999991.
1133 205 1211 262 99111.
1271 187 1310 250 41

73 381 281 448 resuscitanda
304 381 365 465 piis
386 380 499 446 ritibus
522 381 688 446 honorifice
707 382 739 447 in
757 381 823 446 loco
838 381 958 446 sacrato
973 379 1112 461 condere,
1136 397 1191 462 pro
1213 377 1315 443 salute
1422 371 1425 382 “

74 487 239 550 animarum
271 504 343 551 vero
374 486 547 570 supplicare
578 488 610 552 et
633 489 741 551 sancta
764 485 873 552 offerre
896 484 1050 550 sacrificia
1073 483 1144 549 inde
1165 483 1204 548 ab
1228 482 1313 548 anti-

73 591 225 674 quissimis
247 591 439 674 temporibus
461 591 627 657 consuevit.
673 592 763 656 Hanc
778 591 956 673 sepulturae
975 589 1204 654 ecclesiasticae
1222 587 1314 652 litur-

74 695 154 777 giam
177 696 209 761 et
235 695 434 779 exequiarum
463 696 601 761 ordinem
633 695 672 762 91
700 694 925 779 praescriptum
956 693 1092 758 Ritualis
1121 693 1153 758 91
1176 692 1315 758 Μ1999119

27 793 31 878 ‘t
74 801 199 865 Romani
222 819 258 865 ea
281 801 443 866 devotione
471 803 503 865 et
526 800 643 884 pietate
665 801 819 885 peragant
841 799 1015 865 animarum
1038 799 1190 882 pastores,
1216 797 1252 861 nt
1275 795 1315 860 ad

74 904 313 970 aedificationem
336 905 583 970 Christianorum
602 905 694 970 funus
719 903 984 981 9919111199119111,
1008 902 1047 968 ad
1072 901 1315 969 consolationem

27 1007 33 1066 i
76 1008 265 1074 morientium
289 1012 383 1092 atque
408 1010 596 1075 adsalutem
623 1009 838 1074 defunctorum
859 1006 1037 1092 hujusmodi
1060 1007 1239 1091 sepulturae
1261 1005 1314 1071 be·

26 1120 28 1138 '
76 1113 212 1178 neheium
236 1113 405 1179 comerent.
455 1113 620 1179 Caeterum
643 1113 804 1197 sequentia
827 1112 859 1177 in
886 1114 972 1179 ‘hanc
1006 1131 1072 1177 rem
1102 1109 1254 1176 monenda
1285 1112 1316 1174 et
1422 1139 1453 1208 ·k

75 1219 228 1284 recolenda
252 1218 451 1284 censuimus:
489 1220 516 1283 1.
540 1218 681 1283 Ecclesia
704 1219 869 1298 catholica,
893 1218 966 1283 dnm
990 1218 1145 1283 neminem
1161 1214 1315 1299 prohibet,

76 1324 106 1386 ut
127 1321 302 1406 corporibus
321 1323 552 1406 suorumpium
569 1324 746 1408 sepulturae
759 1323 896 1388 officium
911 1323 961 1406 pie
984 1321 1138 1415 exhibeat,
1160 1320 1199 1385 ile
1221 1320 1315 1385 99919-

75 1428 639 1510 91991199191999999911999,999919
653 1429 717 1494 1999
729 1448 821 1494 sacro
833 1428 997 1510 onerisque
1011 1425 1126 1492 ritihus
1134 1425 1314 1508 peropilur,

76 1531 226 1614 tamqnam
251 1531 289 1595 de
312 1550 367 1596 suo
389 1533 461 1596 notu
484 1534 516 1597 et
540 1531 712 1598 ministerio
727 1552 813 1598 99919
829 1533 989 1615 disponere
1012 1549 1142 1613 eamque
1165 1529 1229 1595 suis
1244 1529 1314 1593 tan·

77 1636 138 1698 tum
161 1634 305 1700 fidehbus
329 1635 471 1702 exhibere
493 1655 613 1720 semper
637 1638 729 1703 solita
761 1639 818 1704 est.
875 1637 1056 1722 Quicunque
1091 1653 1161 1700 vero
1188 1633 1249 1698 fide
1283 1633 1315 1698 et

77 1757 159 1820 opere
180 1739 353 1804 membrum
377 1741 525 1806 ecclesiae
551 1760 616 1807 sese
648 1742 789 1807 exhibuit
810 1745 842 1807 ct
861 1742 893 1807 in
929 1739 1141 1806 communione
1165 1737 1231 1821 ejus
1259 1736 1314 1802 de-

78 1844 193 1910 functus
212 1846 271 1924 est,
296 1844 483 1909 christianae
506 1846 682 1929 sepulturae
705 1846 852 1912 honorem
876 1847 907 1910 et
925 1843 1105 1910 beneficium
1127 1842 1198 1926 jure
1220 1841 1314 1908 meri-
1338 1859 1345 1872 ‘

78 1951 165 2032 toque
187 1950 247 2016 sibi
270 1948 418 2014 vindicat.

171 2051 201 2118 d.
230 2050 371 2137 Synodus
403 2053 584 2119 dioecesana
615 2054 876 2120 Paderbornensis
912 2071 991 2118 anno
1030 2053 1111 2117 1867
1148 2051 1314 2126 celebrata,

81 2154 150 2220 Pars
182 2156 241 2221 Ill.
271 2156 310 2222 de
340 2156 504 2240 discipline
534 2158 748 2224 ecclesiastiea
779 2158 861 2226 Sect.
894 2159 936 2225 1.
968 2157 1005 2222 de
1038 2156 1202 2240 disciplina
1233 2154 1314 2221 Oleri

39 2309 43 2353 3
81 2276 121 2338 cp.
144 2259 197 2325 111.
232 2259 269 2324 19
293 2261 435 2344 parochis
457 2282 485 2328 n.
512 2265 540 2329 3.
564 2262 602 2328 de
627 2262 827 2328 coemeterio:
866 2259 1337 2343 Ρ91199191991119119111911-Ι

82 2362 212 2442 99191911
244 2383 350 2430 euram
379 2365 560 2448 impendent
591 2367 793 2445 coemeterio,
828 2366 940 2450 quippe
971 2364 1052 2449 9991
1069 2366 1227 2446 tamquam
1244 2384 1315 2448 pars

42 2495 43 2498 ¹
81 2465 113 2527 ad
134 2467 295 2532 eeclesiam
325 2468 531 2550 parochialem
562 2470 662 2554 ipsam
685 2471 829 2554 pertinet
883 2468 1042 2552 Imprimis
1074 2468 1245 2546 curabunt,
1280 2470 1316 2533 ut

82 2573 287 2637 coemeterium
310 2575 382 2657 apto
405 2593 493 2639 muro
516 2575 671 2658 cingatur,
692 2577 729 2640 91
752 2595 769 2639 9
791 2575 929 2657 profanis
944 2574 1052 2639 usibus
1068 2574 1211 2640 arceatur
1233 2574 1316 2639 9191

82 2671 221 2743 11119119
242 2697 317 2742 crux
339 2678 462 2743 elevata
484 2678 535 2746 sit.
571 2679 684 2744 Cruces
707 2699 723 2744 9
745 2679 876 2744 tumulis
896 2677 1043 2744 19911999
1067 2699 1126 2745 199
1150 2678 1315 2763 negligan-

83 2779 124 2841 tur
145 2780 192 2845 vel
213 2781 345 2865 pedihus
368 2784 574 2866 proterantur.
610 2783 716 2867 Prope
738 2784 952 2849 coemeterium
975 2784 1018 2849 911
1040 2784 1126 2849 locus
1148 2789 1315 2865 separatus

83 2887 336 2962 9991999119199,
360 2887 786 2969 9119999119919119199199
808 2887 876 2952 9199
899 2888 1054 2969 baptismo
1075 2888 1224 2970 defuncti.
1260 2885 1315 2952 Se·

83 2989 194 3068 pultnra
209 2989 421 3056 ecclesiastica
439 2989 535 3056 etiam
550 2991 692 3075 privandi
708 2993 780 3056 sunt
797 2991 948 3070 infideles,
967 2991 1126 3072 haeretici,
1143 2990 1314 3074 apostatae,

84 3093 259 3159 schismatici
283 3095 315 3158 et
336 3095 521 3160 nominatim
543 3095 800 3161 excommunicati
820 3096 957 3180 itemque
980 3096 1013 3175 ii,
1034 3096 1087 3180 qni
1111 3115 1144 3159 se
1166 3094 1225 3177 ipsi
1249 3094 1314 3158 cul·

84 3197 213 3276 pabiliter
234 3199 468 3276 interfecerunt,
492 3200 546 3282 qui
568 3200 601 3265 in
623 3200 725 3265 duello
749 3200 942 3278 moriuntur,
968 3218 1074 3265 omnes
1096 3198 1227 3281 denique
1249 3219 1315 3263 ma·

85 3301 176 3366 nilesti
194 3304 227 3367 ct
249 3301 366 3385 publici
384 3304 560 3385 peccatores
581 3304 613 3368 et
628 3301 899 3368 sacramentorum
915 3305 1151 3387 contemptores,
1174 3302 1227 3385 qui
1249 3303 1315 3367 sine

85 3405 261 3484 poenitentia
284 3405 452 3488 perierunt.

172 3511 207 3574 In
231 3509 365 3575 decretis
385 3508 590 3597 adductorum
608 3510 807 3577 conciliorum
826 3511 996 3608 eademque
1018 3511 1112 3577 variis
1128 3509 1230 3576 verbis
1245 3529 1314 3594 pro·

87 3613 210 3681 19111919
219 3613 527 3697 apparetsententia:
544 3615 659 3698 9119119,
674 3615 785 3698 quibus
799 3615 978 3700 deneganda
987 3617 1035 3680 est
1046 3615 1205 3698 sepultura
1218 3615 1316 3680 eccle-

43 3733 44 3738 ’
87 3714 203 3797 siastica,
212 3719 534 3784 locumacoemeterio
542 3719 724 3784 distinctum
733 3739 793 3797 nou
802 3719 999 3785 benedictum
1008 3737 1074 3784 esse
1083 3718 1314 3803 assignandum.

176 3820 254 3902 Quid
278 3822 401 3906 igitur?
431 3822 465 3886 Si
488 3842 561 3907 orgo
581 3823 740 3906 sepultura
763 3823 975 3889 ecclesiastica
1005 3826 1038 3888 et
1060 3823 1146 3888 locus
1168 3842 1228 3888 non
1262 3823 1315 3888 be-

89 3923 210 3991 nedictus
233 3926 374 3992 notiones
397 3929 471 3991 sunt
493 3927 683 4006 contrariae,
704 3928 880 4012 oppositum
903 3928 1083 3994 1911919999
1106 3947 1233 4002 verum,
1261 3946 1314 4021 seu

88 4025 218 4107 1919911
241 4050 301 4114 999
324 4031 651 4114 999911911911119199,
673 4034 828 4116 pertinere
843 4033 936 4099 debet
960 4033 997 4099 91
1014 4032 1193 4154 sepulturae
1215 4031 1314 4098 ecole-

45 4191 46 4194 ,
90 4130 213 4201 919911999
236 4136 403 4202 9911919111.
488 4128 494 4146 “

24 4649 52 4799 1

174 4241 232 4307 Ρ19
256 4239 387 4307 veritate
409 4240 506 4308 thesi's
528 4241 561 4306 in
585 4241 705 4307 exordio
728 4241 847 4324 positae
870 4242 1004 4309 certant.

179 4347 207 4409 5.
230 4344 450 4429 Episcoporum
473 4345 682 4411 ordinationes
706 4344 888 4428 praeprimis
910 4346 1032 4429 patriae
1054 4349 1194 4415 nostrae:

176 4448 360 4515 adhaese
391 4450 447 4516 der
480 4471 516 4514 zu
540 4450 633 4514 Wien
663 4449 904 4514 versammelten
932 4448 1130 4515 Erzbischdfe
1164 4449 1227 4512 und
1256 4449 1313 4512 Bi-

95 4547 362 4623 9111991891.
392 4554 422 4622 h.
446 4553 660 4639 Apostolische
682 4553 832 4638 Mejestbt
860 4571 929 4618 vom
960 4555 1011 4658 21.
1036 4551 1217 4635 September
1233 4551 1314 4614 1867
