3080 4840
134 203 245 260 Leonte
255 205 340 259 XIII.
352 205 558 274 Lauaposeu.
569 205 757 270 Meruisse,
768 205 919 260 hierarch.
935 209 1027 274 episc.
1040 203 1274 262 indoctiorem.
1314 189 1372 254 171

130 379 258 443 borealis
281 379 449 444 comitatus
472 378 629 457 herensis,
655 398 733 462 quae
757 379 794 444 ab
816 377 946 443 australi
962 378 1102 464 ejusdem
1117 378 1253 464 regione,
1277 378 1375 443 riuulo

129 484 250 569 Lugton
280 483 312 548 in
335 483 479 550 Garnock
513 483 641 548 fluuium
677 483 848 562 defluente,
880 485 1062 568 separatur:
1103 483 1224 550 insulae
1254 502 1375 566 quoque

23 649 27 671 ,
129 587 263 652 cumbra
285 587 384 671 major
407 589 439 652 et
461 587 597 662 minor„

24 674 28 702 '¹
166 723 201 734 r·
230 692 266 756 In
290 691 430 757 Dioecesi
453 691 666 757 Aberdonensi
690 691 908 756 contineantur
936 690 1103 756 comitatus
1133 691 1373 769 Aberdoneusis,

24 793 25 796 ’
128 795 399 874 Kincardinensis,
420 794 621 872 Bamfiensis,
645 794 840 880 Elgmensis,
861 813 916 860 seu
939 794 1156 874 MoraviensiS,
1181 795 1374 870 Narniensis,

128 901 298 968 Russiensis
311 900 449 985 (praeter
464 900 603 984 Leogum
620 899 653 964 in
668 899 833 985 Aebudis),
852 899 1100 980 Grumentiensis,
1120 898 1375 965 liutherlandien·

126 1005 176 1082 sis,
198 1004 460 1083 Osthanesiensis,
484 1004 603 1068 insulae
627 1003 764 1069 Orcades
786 1005 818 1068 et
836 1003 1082 1068 Hethlandicae:
1105 1003 1236 1086 denique
1251 1023 1287 1069 ea
1303 1025 1375 1087 pars

126 1110 293 1175 comitatus
315 1108 573 1193 Ennernessensis
595 1107 757 1190 quaesita
779 1109 826 1174 est
847 1107 886 1172 ad
905 1107 1146 1192 septentrionem
1161 1107 1260 1173 lineae
1272 1110 1375 1173 rectae

125 1213 237 1278 ductae
259 1214 298 1278 ab
320 1213 518 1283 extremitate
541 1211 798 1296 septenptrionali
822 1213 907 1279 lacus
931 1213 1033 1297 Luing
1053 1214 1091 1278 ad
1108 1213 1184 1279 lines
1200 1212 1375 1278 Orientales

126 1317 264 1400 ejusdem
297 1317 466 1383 comitatus
503 1317 783 1397 Ennernessensis,
823 1317 876 1384 ubi
911 1318 971 1383 sibi
1009 1320 1174 1384 occurrunt
1208 1318 1374 1384 comitatus

126 1423 356 1488 aberdonensis
381 1423 413 1488 et
436 1422 637 1514 Bamhensis,

229 1528 268 1592 In
295 1528 436 1594 Dioeeesi
458 1528 671 1595 Dnnheldensi
694 1527 974 1611 comprehendatur
998 1527 1164 1592 comitatus
1184 1527 1375 1605 Persianas,

124 1629 324 1710 Fortunensis,
347 1632 583 1711 Clacmananus
607 1633 839 1711 Kinrossianus,
863 1635 894 1698 et
917 1651 989 1716 pars
1012 1633 1264 1717 septentrionalis
1288 1633 1375 1698 Fiiae

23 1747 31 1797 ¹.
123 1754 198 1817 quae
224 1737 273 1801 cst
295 1736 334 1801 ad
358 1737 479 1802 laevam
510 1736 648 1803 fluminis
682 1738 786 1815 Edon,
824 1757 879 1802 eae
913 1755 1033 1820 quoque
1067 1739 1173 1821 partes
1207 1737 1375 1803 comitatus

123 1838 332 1919 Sterlinensis,
356 1861 433 1924 quae
456 1842 630 1925 disjunctae
649 1843 756 1926 jacent
780 1843 873 1926 atque
896 1861 915 1907 a
939 1842 1140 1908 comitatibus
1161 1842 1326 1908 Penthensi
1344 1844 1375 1908 et

23 1943 24 1988 l
124 1944 332 2011 Glacmananc
355 1949 429 2012 sunt
451 1947 687 2030 circumseptae:

228 2048 387 2115 Dioecesis
408 2049 567 2116 Candidas
590 2050 687 2115 Casae
710 2069 765 2116 seu
785 2049 1003 2116 Gallovidiana
1025 2052 1184 2118 contineat
1203 2051 1372 2118 comitatus

124 2152 393 2232 Dumfrisiensem,
416 2153 778 2235 Kirondberechtensem,
804 2154 1044 2234 vintoniensem,
1074 2156 1106 2220 et
1134 2145 1280 2220 A'irensis
1302 2174 1375 2238 par-

23 2343 24 2348 *
124 2258 195 2336 tem,
221 2278 301 2342 quae
323 2259 364 2324 ad
387 2260 508 2325 laevam
530 2259 623 2324 rivuli
646 2251 769 2344 hugtorr
795 2260 827 2323 in
851 2257 966 2324 flumen
987 2258 1131 2325 Garuoch
1155 2259 1317 2326 defluentis
1335 2260 1373 2324 ad

22 2405 23 2438 3
127 2360 280 2428 Austrum
304 2364 488 2431 extenditur.

229 2467 384 2533 Dioecesis
407 2468 539 2552 denique
561 2469 762 2552 Ergadiensis
784 2470 816 2534 et
836 2468 1014 2535 insularum
1032 2467 1258 2551 complectatur
1278 2468 1375 2532 comi·

124 2571 208 2636 tatus
235 2572 518 2656 Argatheliensem,
541 2576 652 2640 Butam
669 2576 701 2639 et
717 2575 866 2640 Ananiam
880 2573 1009 2651 insulas,
1027 2573 1184 2650 Aebudas,
1205 2574 1237 2637 et
1251 2575 1374 2655 partem

125 2677 295 2741 australem
318 2680 486 2744 comitatus
506 2679 782 2756 Ennernessensm,
816 2698 894 2762 qnae
929 2697 947 2741 a
974 2678 1046 2742 lacu
1076 2677 1197 2761 Lninge
1228 2677 1267 2741 ad
1298 2676 1374 2742 lines

19 2905 20 2922 ³
128 2884 332 2965 protenditur.
1148 2947 1149 2952 ,
1281 2945 1291 2952 ,

19 2983 20 2996 ’
231 2988 281 3055 Ita
304 2991 403 3076 igitur
425 2992 456 3057 in
479 2991 601 3058 Scotino
624 3010 719 3076 regno
748 2994 871 3076 praeter
902 2991 1126 3076 Glasguensem
1158 2991 1373 3074 Archiepisco-

128 3093 235 3173 patum
255 3095 389 3175 honoris,
413 3096 506 3162 unica
521 3097 582 3162 erit
596 3097 753 3180 provincia
768 3095 990 3161 Ecclesiastico
1006 3115 1042 3159 er
1058 3115 1117 3160 uno
1134 3095 1372 3181 Archiepiscopo

129 3213 180 3261 sen
193 3198 435 3282 Metropolitum
450 3200 610 3280 Antistite,
630 3201 809 3284 etquatuor
825 3199 1030 3284 suffraganeis
1046 3200 1205 3283 Episcopis
1218 3204 1372 3265 constans,

230 3303 340 3387 Neque
363 3305 551 3383 dubitamus,
576 3305 651 3388 quin
672 3305 742 3370 nori
765 3304 926 3369 Praesules
945 3302 1220 3369 Praedocessorum
1237 3323 1373 3376 suorum,

129 3405 180 3488 qni
201 3408 325 3490 propria
348 3410 465 3475 virtute
488 3412 623 3500 ueterem
647 3408 768 3475 Scotiae
791 3409 965 3475 Ecclesiam
988 3409 1208 3484 illustrarunt,
1232 3409 1374 3493 uestigiis

130 3507 326 3577 inhaerentes
349 3532 486 3588 omnem⁴
506 3514 609 3579 daturi
646 3513 709 3579 sint
746 3533 889 3597 operam,
922 3516 957 3580 ut
988 3513 1168 3580 Catholicae
1201 3513 1374 3598 Religionis

131 3632 237 3680 nomen
259 3616 292 3680 in
314 3636 419 3682 eorum
442 3619 620 3703 regionibus
644 3618 834 3702 splendidius
857 3619 1029 3702 fulgescat,
1057 3620 1088 3684 et
1108 3619 1280 3684 animarum
1303 3637 1374 3701 pro·

131 3717 243 3800 lectus,
275 3721 558 3806 diviniqus'eultns
581 3727 785 3808 angmentum
808 3723 928 3788 meliori
950 3743 1011 3806 qua
1029 3723 1096 3788 fieri
1115 3721 1230 3806 poterit
1252 3721 1373 3787 ratione

121 3826 353 3914 'promoveatur
407 3827 453 3892 Ila
486 3829 611 3912 propter
644 3828 757 3906 Nobis,
796 3828 981 3911 Nostrisque
1014 3828 1045 3892 in
1081 3825 1262 3910 Apostolica
1296 3825 1375 3891 Sede

131 3921 362 3996 Successoribns
381 3931 447 4014 jam
472 3951 551 3997 nunc
574 3934 766 3997 reservatum
789 3932 993 4012 declaramus,
1026 3934 1061 3997 ut
1083 3931 1258 4015 praedictas
1281 3931 1375 3996 Diue-

133 4045 212 4096 ceses
235 4033 268 4098 in
289 4035 377 4117 alias,
401 4037 455 4101 nbi
477 4055 552 4120 opus
575 4036 644 4116 erit,
668 4038 851 4120 partiamur,
875 4056 1041 4119 earumque
1066 4055 1230 4102 numerum
1256 4055 1370 4120 augea-

134 4150 213 4214 mus,
244 4137 362 4204 limites
383 4140 612 4220 immutemus,
651 4143 682 4207 et
716 4141 865 4225 quidquid
903 4139 989 4205 aliud
1023 4139 1062 4203 ad
1092 4139 1277 4206 orthodoxae
1302 4140 1373 4205 fidei

133 4241 380 4327 propagationem
403 4244 447 4308 ibi
470 4245 571 4328 magis
595 4247 733 4312 conferre
766 4246 798 4311 in
828 4244 958 4312 Domino
993 4244 1094 4309 visum
1127 4245 1241 4324 fuerit,
1279 4245 1375 4310 libere

133 4343 334 4422 perficiamus

232 4445 319 4530 Quod
341 4470 412 4516 vero
431 4450 543 4518 iisdem
566 4453 713 4519 Ecclesiis
735 4453 826 4520 ualde
849 4453 1044 4538 profuturum
1068 4455 1288 4537 perspicimus,
1322 4475 1375 4520 vo·

135 4545 231 4618 lumus
259 4574 301 4628 ac
328 4554 490 4642 jubemuS,
526 4559 561 4622 ut
595 4560 773 4624 earumdem
809 4557 970 4625 Praesules
992 4556 1158 4623 relationes
1182 4558 1219 4622 de
1242 4559 1373 4628 sedium.

20 2849 21 2864 χ
126 2781 293 2846 comitatus
321 2783 460 2866 ejusdem
481 2783 647 2849 orientales
667 2783 757 2867 juxta
779 2783 894 2848 lineam
918 2783 1033 2848 rectem
1057 2801 1150 2865 supra
1173 2781 1372 2865 descriptam,
1401 2799 1407 2812 ·
