3080 4840
28 445 29 496 t
99 393 286 471 lebeteotent,
310 395 403 477 atque
418 393 465 458 ite
480 392 669 476 reipublicae
686 391 893 458 conditionem
909 394 941 458 et
956 340 1221 478 tranquillitatem
1236 395 1335 459 serius
1362 463 1367 470 ,
1440 363 1451 428 -’

27 651 30 690 l

160 265 167 271 .
287 221 402 277 uecors
421 219 480 275 aa
499 221 584 276 xrrr.
603 220 770 289 mopsuest
789 221 839 274 oe.
858 220 901 275 21.
923 221 1124 291 spreuisse.
1235 183 1353 298 '1⁷⁷3
1412 175 1417 202 ’

99 500 175 564 ocius
198 497 236 562 ad
259 498 408 564 ultimum
431 497 560 562 exitium
585 495 753 563 adducant.
1262 549 1265 562 .

191 601 271 683 Quid
295 602 410 679 autern,
433 601 460 664 si
483 601 615 666 Romam
635 599 841 664 Pontificatus
864 618 957 683 opere
979 601 1175 683 spectentur,
1198 603 1335 687 iniquius

96 725 154 771 esse
175 707 286 789 potest,
310 725 405 790 quem
429 705 562 770 inficiari
584 706 773 788 quantopere
787 705 919 772 Romani
936 704 1108 770 Antistites
1130 706 1169 772 de
1191 708 1336 774 uniuersa
1463 665 1515 806 d

27 901 28 904 ξ
95 811 172 876 civili
201 812 350 876 societate
382 812 413 874 et
443 829 536 893 quam
565 809 691 894 egregie
721 810 785 874 sint
815 809 946 874 meriti?
980 809 1123 874 Profecto
1152 811 1335 877 Decessores
1456 819 1515 906 ‘gi

27 907 29 998 ζ
95 911 202 993 Nostri,
227 915 263 978 ut
285 912 468 997 populorum
490 913 569 977 bono
585 913 803 996 prospicerent,
828 912 928 978 otonis
943 912 1064 996 genueris
1081 907 1252 980 sartamine
1267 933 1336 979 sns-

27 1019 28 1034 ³
96 1019 197 1102 cipere,
221 1037 332 1102 graves
357 1018 514 1105 exantiare
534 1018 666 1094 labores,
692 1037 784 1102 seque
804 1017 921 1100 asperis
944 1017 1186 1082 difficultatibus
1201 1017 1335 1102 objicere
1442 1015 1515 1108 ⁴³23.

95 1143 243 1208 nunqnam
265 1123 470 1188 dubitarunt:
505 1124 536 1186 et
568 1121 675 1188 defixis
700 1123 731 1187 in
756 1123 840 1187 caelo
865 1123 963 1192 oculis
998 1141 1095 1205 neque
1125 1122 1334 1206 improborum
1462 1105 1515 1216 ’ᾖξ’

95 1228 179 1294 minis
202 1227 374 1293 submisere
398 1226 542 1305 frontem,
566 1245 664 1309 neque
681 1226 842 1292 blanditiis
859 1227 915 1292 eut
937 1225 1214 1310 pollicitationibus
1238 1245 1271 1290 se
1294 1227 1334 1291 ab
1467 1255 1477 1306 ,ς

95 1331 188 1398 cilicio
210 1331 323 1397 abduci
346 1331 491 1414 degeneri
523 1348 651 1403 assensn
678 1331 761 1413 passi
794 1333 878 1396 suot.
934 1331 1010 1396 Fuit
1042 1332 1120 1398 baec
1149 1329 1333 1414 Apostolica
1440 1319 1515 1414 [ἦν

96 1434 190 1514 Sedes,
210 1455 289 1520 quae
313 1435 450 1518 dilapsae
473 1434 634 1500 societatis
658 1435 770 1500 veteris
793 1435 942 1519 reliquias
962 1434 1090 1520 collegit
1113 1436 1145 1499 et
1168 1451 1335 1518 coagmen·
1483 1419 1515 1510 ·]'

97 1540 186 1616 tavit3
219 1541 296 1604 baec
326 1539 435 1604 eadem
463 1539 514 1611 fen
546 1538 645 1603 amice
677 1539 755 1618 tuit,
794 1558 855 1622 qna
886 1539 1060 1604 humanitis
1090 1538 1331 1604 christianorum

95 1644 256 1726 temporum
278 1641 416 1720 effrrlsit3
454 1642 516 1707 luit
537 1641 614 1708 boec
638 1643 750 1708 salutis
773 1644 908 1710 anchora
931 1643 1013 1709 inter
1027 1642 1228 1708 saonssimas
1253 1644 1334 1706 tem·
1492 1623 1515 1706 ’ξ

95 1747 228 1828 pestates,
254 1747 342 1830 queis
366 1747 502 1811 bumana
518 1747 679 1832 progenies
699 1747 821 1831 jactate
845 1749 909 1825 est;
937 1766 1060 1813 sacrum
1076 1745 1137 1811 tuit
1152 1743 1333 1811 concordiae
1454 1813 1456 1818 ,

95 1850 241 1915 necdum
265 1850 346 1933 quod
369 1850 509 1916 nationes
533 1850 660 1917 dissitas
684 1852 883 1936 moribusque
906 1852 1043 1916 diversas
1067 1851 1203 1916 intense
1225 1868 1331 1916 conso·

26 1979 31 2042 3.
95 1954 196 2020 cievit:
233 1956 376 2020 centrum
396 1954 526 2037 denique
548 1974 711 2022 commune
733 1956 804 2033 fuit,
828 1954 911 2021 unde
935 1973 1004 2020 cum
1028 1953 1102 2020 fidei
1118 1956 1151 2020 et
1173 1954 1334 2039 religionis

27 2135 28 2138 Ἴ
95 2057 236 2138 doctrina,
260 2060 329 2124 tum
352 2059 437 2142 pacis
461 2061 493 2124 et
515 2079 618 2124 rerum
642 2060 849 2143 gerendarum
871 2059 1012 2143 auspicia
1035 2078 1071 2124 uo
1093 2059 1224 2124 consilia
1246 2060 1329 2144 pete-

26 2239 27 2242 ,
95 2163 207 2230 bantur.
254 2163 336 2246 Quid
359 2163 487 2230 multa?
521 2163 710 2230 Pontificum
734 2165 942 2231 Maximorum
964 2164 1034 2228 leus
1057 2165 1121 2241 est,
1154 2162 1236 2247 qnod
1259 2181 1332 2226 cou-
1508 2235 1515 2248 ἐξ

96 2269 278 2334 etantissime
303 2287 335 2333 se
357 2287 412 2352 pro
436 2288 525 2334 muro
549 2269 581 2334 et
602 2270 834 2355 propugnaculo
857 2269 1041 2354 objecerint,
1065 2287 1104 2334 no
1119 2269 1258 2332 bumana
1280 2286 1332 2332 so·
1472 2303 1475 2314 2
1503 2261 1515 2304 ’Ὺ

95 2370 181 2438 rietes
204 2374 244 2438 in
262 2373 514 2456 superstitionem
538 2375 570 2439 et
592 2375 766 2440 barbariem
790 2374 949 2459 antiquam
973 2372 1175 2441 relaberetur.
1223 2380 1227 2400 ¹

189 2477 318 2544 Utinam
336 2478 442 2542 autem
466 2477 615 2544 salutaris
635 2478 711 2544 haec
728 2479 898 2545 auctoritas
914 2478 1057 2563 neglecta
1079 2495 1238 2561 nunquam
1253 2477 1335 2544 esset

94 2579 137 2643 rel
157 2579 333 2664 repudiata!
368 2579 510 2646 Profecto
526 2599 625 2664 neque
640 2581 743 2647 civilis
756 2581 955 2665 Principatus
977 2583 1146 2666 augustum
1168 2581 1333 2648 eteacrum
1361 2585 1365 2592 “

93 2682 163 2747 illud
184 2684 339 2750 emisisset
362 2685 465 2764 decus,
489 2685 568 2768 quod
593 2704 612 2750 a
634 2685 784 2770 religione
806 2686 941 2752 inditum
963 2686 1168 2770 praelerebat,
1191 2684 1334 2770 quodque

25 2841 26 2846 ,
94 2805 178 2852 unum
200 2787 328 2872 parendi
351 2789 527 2854 conditione
551 2789 674 2855 homine
707 2790 833 2874 dignam
858 2790 1053 2875 nobilemque
1081 2789 1196 2885 efficit3
1235 2807 1334 2872 neque

95 2892 270 2958 onerassent
293 2892 341 2958 tot
363 2892 529 2958 seditiones
560 2893 591 2960 et
613 2894 713 2972 belle,
747 2889 827 2978 qnae
856 2893 1090 2959 calamitatibus
1123 2895 1153 2958 et
1187 2892 1334 2958 caedibus

24 2993 26 3024 ¹
94 2996 183 3062 terrea
205 2997 420 3079 funestarunt3
463 3016 561 3080 neque
584 3017 680 3082 regna
711 2999 786 3063 olim
808 2997 1044 3075 florentissime,
1076 3017 1093 3062 e
1118 2996 1334 3081 prosperitatis

95 3101 219 3167 eulmine
241 3099 374 3184 dejecte,
399 3100 536 3166 omnium
560 3121 779 3168 aerumnarum
803 3102 934 3185 pondere
957 3104 1180 3185 premerentur.
1236 3101 1333 3185 Cujus

96 3205 133 3270 rei
155 3205 292 3288 exemplo
322 3205 419 3272 etiem
450 3207 523 3271 sunt
545 3205 719 3274 Orientalos
741 3206 863 3290 populi,
895 3206 950 3290 qui
980 3186 1119 3289 abruptis
1140 3205 1334 3272 suavissimis

97 3309 235 3390 uinculis,
260 3311 373 3393 quibus
402 3329 473 3376 cum
497 3311 679 3395 Apostolioe
707 3311 766 3376 hac
790 3309 868 3376 Sede
898 3309 1124 3395 jungebantur,
1157 3310 1333 3394 primaevae

97 3415 261 3482 nobilitatis
284 3415 487 3499 splendorem,
513 3416 713 3482 scientiarum
737 3423 779 3481 et
792 3415 907 3482 artium
928 3414 1071 3494 laudem,
1094 3415 1188 3498 etque
1210 3414 1333 3498 imperii

97 3520 137 3582 eui
158 3519 344 3603 dignitatem
370 3521 550 3587 emiserunt.

190 3623 354 3690 Praeclare
376 3628 481 3690 autem
510 3623 676 3716 beneficia,
711 3624 845 3708 quaein
869 3623 1042 3706 quamlibet
1072 3625 1175 3688 terrae
1207 3621 1332 3706 plagam

98 3726 130 3790 ab
151 3728 328 3812 Apostolice
350 3726 428 3793 Sede
450 3728 589 3811 protecte
611 3747 678 3804 esse
699 3728 838 3793 illustria
860 3727 998 3793 omnium
1021 3728 1196 3810 temporum
1223 3743 1333 3790 monu-

99 3834 193 3897 menta
215 3832 385 3908 declarent,
409 3831 605 3915 potissimum
627 3831 780 3915 persensit
798 3831 880 3896 Itala
903 3831 980 3896 haec
995 3831 1090 3915 negiu,
1114 3848 1192 3914 quae
1215 3832 1332 3912 quanto
1468 3819 1474 3856 ⁵
1508 3827 1512 3912 j

98 3933 185 4000 eidem
208 3934 406 4020 propinquior
427 3934 487 4000 loei
510 3935 623 4000 nature
644 3933 766 4011 extitit,
799 3935 888 4000 tanto
906 3933 1065 4007 ,uberiores
1087 3934 1209 4000 tructus
1230 3935 1270 4000 ab
1297 3953 1334 4000 ea
1468 3993 1474 4032 4
1497 3927 1512 4006 t

99 4040 231 4122 percepit.
284 4037 433 4104 Romanis
456 4039 539 4102 certe
563 4037 767 4103 Pontificibus
790 4037 886 4102 Italia
911 4038 1072 4120 acceptam
1095 4037 1210 4103 referre
1240 4037 1334 4104 debet
1501 4133 1502 4140 ξ

99 4141 217 4208 solidam
238 4143 370 4228 gloriam
394 4145 426 4208 ot
448 4141 696 4225 amplitudinem,
718 4161 779 4225 que
803 4142 938 4225 reliques
961 4141 1044 4206 inter
1059 4143 1169 4225 gentes
1190 4142 1332 4210 eminuit.

102 4243 226 4326 Ipsorum
247 4247 418 4314 auctoritas
435 4249 659 4330 paternumque
682 4245 822 4310 studium
838 4258 897 4312 non
921 4245 1018 4312 semel
1041 4265 1109 4312 eam
1133 4246 1172 4311 ab
1196 4246 1332 4312 hostium

24 4343 25 4352 ’
102 4347 206 4432 impetn
238 4352 336 4430 texit,
374 4352 534 4434 eidemque
565 4349 707 4416 levamen
742 4352 774 4415 et
807 4369 896 4433 opem
936 4349 1067 4430 attulit,
1105 4351 1142 4416 ut
1179 4350 1333 4416 catholica
1502 4423 1511 4438 Η

104 4449 168 4518 fides
208 4456 293 4523 nrrllo
328 4474 388 4522 non
432 4456 571 4539 tempore
612 4455 644 4519 in
690 4454 841 4520 Italorum
881 4454 1024 4520 cordibus
1060 4455 1185 4538 integra
1227 4455 1333 4519 custo·
1425 4457 1429 4466 '
1488 4457 1491 4464 '

106 4553 217 4627 ditetur.

129 4659 213 4709 Archiv
226 4663 265 4710 t'dr
279 4661 462 4712 Kirehenreeht
478 4662 532 4709 Xb.
