3072 4872
195 175 237 238 68
290 165 401 254 'Koba
423 193 467 247 Dc
488 192 599 262 repuli.
620 192 727 246 careal.
747 191 825 261 Acp.
845 190 893 244 vel
913 189 998 244 Heln.
1017 188 1145 256 consona.
1160 191 1197 244 ia
1215 203 1308 244 coam.
1327 189 1403 244 calb

298 362 414 428 Tantus
432 362 512 446 juris
536 361 573 427 de
597 361 757 445 sepultura
784 360 994 426 ecclesiastiea
1016 361 1144 444 agentes
1167 361 1241 425 suut
1263 361 1436 444 sequentes:

297 486 326 535 a.
350 487 376 534 a.
403 469 452 530 12.
475 464 514 529 X.
539 466 576 530 de
594 465 706 550 sepult.
728 467 758 532 3.
784 465 844 530 28:
878 463 979 530 Sacris
995 466 1042 529 est
1058 463 1227 529 canonibus
1249 463 1439 540 institutum,

192 570 353 656 utquibus
375 590 436 637 nou
452 569 748 637 communicavimus
763 570 851 646 vivis,
875 588 935 634 nou
951 569 1214 634 communicemus
1239 567 1396 633 defunctis
1411 571 1440 633 et
1498 621 1499 624 ,

157 720 161 732 „
192 678 229 740 ut
252 677 378 742 careant
408 673 620 741 ecclesiastica
649 675 826 758 sepultura,
857 674 911 757 qui
940 673 1025 756 prius
1048 676 1139 738 erant
1160 673 1199 737 ab
1229 667 1440 738 ecclesiastice

191 781 314 846 unitate
344 780 487 864 praecisi,
511 799 567 845 nec
588 779 621 844 in
641 779 772 846 articulo
796 779 904 874 mortis
926 778 1074 844 ecclesiae
1096 776 1291 843 reconciliati
1314 777 1438 844 fuerint.
1517 851 1518 856 ἵ

295 884 326 952 b.
349 903 375 952 a.
395 886 423 950 7.
447 884 486 950 X.
509 885 548 951 de
571 903 704 950 consecr.
729 883 836 949 eccles.
872 885 899 946 3.
929 884 992 947 40:
1025 881 1234 960 Coemeteria,
1268 883 1302 948 in
1329 883 1439 968 quibus

191 989 525 1056 excommunicatorum
550 1007 678 1072 corpora
702 987 827 1071 sepeliri
843 987 1007 1071 contingit,
1031 986 1257 1053 reconcilianda
1280 987 1375 1053 eruut
1390 1005 1438 1052 aa·

170 1093 329 1177 porcione
351 1113 448 1178 aquae
464 1092 645 1160 solemniter
659 1092 852 1171 benedictae,
876 1092 958 1157 siout
978 1092 1010 1158 iu
1029 1089 1277 1182 dedicationibus
1293 1091 1440 1156 acclesia-
1510 1078 1512 1081 ’

190 1217 259 1262 rum
283 1197 351 1264 fieri
375 1197 549 1263 consuerit..
1158 1263 1160 1268 .

296 1319 321 1368 c.
346 1319 371 1364 a.
397 1302 425 1368 1.
450 1300 488 1365 de
511 1298 630 1382 Sepult.
651 1299 682 1364 in
707 1297 858 1365 Clamant.
884 1301 914 1366 3.
940 1300 977 1364 7:
1002 1299 1076 1364 -llos
1098 1297 1152 1381 qui
1174 1298 1316 1382 propriae
1338 1299 1440 1365 teme·
1508 1333 1509 1338 κ

191 1404 297 1470 citatis
328 1392 460 1470 audacia
492 1403 707 1470 defunctorum
739 1423 882 1487 corpora,
917 1422 977 1471 non
1008 1404 1073 1468 siue
1097 1404 1277 1487 contemptu
1305 1402 1440 1470 clarium

189 1509 337 1576 ecclesiae
360 1508 393 1573 iu
416 1509 607 1574 coemeteriis
629 1507 790 1574 interdicti
820 1510 977 1592 tempore,
1008 1508 1057 1572 vel
1081 1508 1363 1573 excommunicatos
1385 1529 1440 1591 pu·
1512 1559 1513 1564 η

188 1613 280 1692 blico,
306 1613 362 1678 aut
385 1611 570 1678 nominatim
583 1613 777 1693 interdictos,
799 1612 848 1678 vel
870 1612 1221 1678 usurariosmanifestcs
1243 1612 1382 1676 scienter
1394 1631 1441 1676 se·

188 1716 283 1801 pelire
298 1718 510 1802 praesumunt,
532 1713 726 1782 decernimus
741 1717 807 1800 ipso
823 1718 905 1782 iacto
925 1716 1252 1782 excommunicationis
1265 1717 1441 1792 sententiaa
1511 1697 1517 1732 ³

187 1820 368 1906 subjacere:
403 1839 505 1904 aqua
535 1821 716 1886 nullatenus
749 1820 969 1900 absolvantur,
1002 1820 1064 1886 nisi
1086 1819 1171 1904 prius
1201 1818 1241 1884 ad
1272 1819 1440 1884 arbitrium

187 1925 361 1990 dioecesani
384 1924 529 2008 Episcopi
552 1925 614 2003 eis,
637 1924 749 2008 quibus
769 1945 825 2008 per
843 1925 1014 2008 praemissa
1037 1923 1131 1990 fuerit
1150 1922 1266 2008 injuria
1289 1923 1441 2007 irrogata,

187 2029 431 2096 satisfactionem
454 2028 650 2094 exhibuerint
672 2030 910 2113 competentem.
1233 2013 1243 2022 ¹*
1520 2021 1521 2028 '

291 2133 321 2198 d.
345 2152 372 2204 o.
395 2135 425 2196 2.
450 2132 488 2198 de
510 2133 629 2200 haeret.
647 2132 701 2200 VI.
724 2135 754 2201 5.
778 2135 827 2201 2.:
863 2133 1044 2216 Quicunque
1056 2133 1242 2211 haereticos,
1265 2129 1440 2208 credentes,

187 2238 415 2320 receptatores,
439 2236 616 2303 defensores
632 2238 696 2303 ¹uel
725 2238 863 2304 fautores
893 2256 998 2303 eorum
1028 2236 1162 2302 scienter
1192 2237 1442 2321 praesumserint

185 2341 417 2408 ecclesiasticae
439 2340 563 2406 tradere
585 2341 762 2425 sepulturae
784 2360 881 2425 usque
904 2340 942 2407 ad
963 2340 1208 2406 rubricationem
1224 2340 1369 2406 idoneam
1388 2361 1439 2406 ex-

185 2445 475 2511 communicationis
497 2445 671 2511 sententiae
701 2464 733 2510 se
764 2445 907 2512 noverint
937 2444 1114 2529 subjacere,
1144 2433 1201 2510 nec
1233 2445 1440 2512 absolutionis

184 2550 369 2616 beneficium
392 2551 590 2629 mereantur,
621 2549 681 2616 uisi
704 2551 835 2634 propriis
855 2549 999 2616 manibus
1028 2549 1152 2634 publice
1183 2549 1382 2616 extumulent
1408 2551 1440 2616 et

185 2655 349 2740 projiciant
363 2654 541 2740 hujusmodi
561 2674 688 2740 corpora
703 2653 920 2720 damnatorum
944 2656 977 2720 et
991 2653 1078 2719 locus
1100 2652 1153 2719 ille
1168 2654 1318 2738 perpetua
1331 2658 1439 2722 careat

184 2759 357 2843 sepultura.

284 2856 315 2932 e.
340 2884 365 2930 c.
391 2864 576 2930 consuluisti
598 2866 627 2932 7.
652 2863 690 2930 de
714 2863 860 2929 celebrat.
878 2862 983 2928 idias:
1016 2861 1228 2941 Coemeteria,
1257 2861 1289 2926 in
1322 2863 1438 2944 quibus

184 2969 519 3035 excommunicatorum
542 2987 670 3052 corpora
693 2967 818 3050 sepeliri
837 2965 1002 3050 contingit,
1026 2965 1257 3032 reconcilianda
1279 2968 1373 3031 eruut
1386 2987 1437 3033 aa·

183 3074 322 3158 pensione
346 3091 444 3158 aquae
467 3073 635 3162 solenniter
657 3071 839 3138 benedictae
856 3071 945 3156 ,sicut
967 3071 1000 3135 in
1016 3070 1264 3135 dedicationibus
1286 3069 1436 3136 ecclesia·
1518 3089 1522 3174 j

183 3196 253 3242 rum
275 3175 344 3242 fieri
367 3176 538 3244 cousuevit.

285 3280 312 3345 E
333 3282 440 3346 tenore
462 3280 630 3346 allatorum
653 3299 805 3346 canonum
829 3282 926 3364 patet,
951 3278 1226 3344 excommunicatis
1243 3278 1434 3363 quibuscun-

181 3405 249 3469 que,
274 3384 344 3450 deiu
366 3384 531 3450 haereticis
551 3383 637 3450 nullo
659 3385 748 3451 modo
772 3403 859 3468 posse
883 3384 1076 3467 sepulturam
1092 3382 1335 3450 ecclesiasticam
1359 3401 1435 3448 con·

181 3489 248 3555 cedi
273 3491 305 3556 et
324 3507 380 3574 per
402 3488 433 3554 vi
456 3489 618 3569 extortum,
642 3488 862 3555 coemeterium
885 3487 992 3571 pollui.

173 3657 189 3664 ,,
285 3593 337 3658 Ita
359 3594 441 3658 esset
463 3594 556 3672 certe,
580 3593 641 3657 nisi
664 3592 753 3676 rigor
775 3611 927 3659 canonum
950 3592 1061 3657 horum
1084 3591 1251 3675 mitigatus
1274 3590 1356 3655 esset
1381 3611 1434 3672 per

180 3697 435 3762 constitutionem
449 3696 578 3762 Martini
596 3697 633 3760 V.
682 3696 751 3761 »Ad
774 3696 931 3773 vitanda«
956 3698 1064 3778 ex'quo
1078 3696 1216 3779 tempore
1231 3711 1329 3777 poena
1340 3692 1433 3777 juxta

179 3801 292 3865 citatos
316 3817 449 3865 canones
474 3800 748 3866 excommunicatis
771 3799 960 3883 generaliter
982 3798 1139 3884 imposita,
1160 3797 1246 3864 valet
1263 3797 1363 3881 quoad
1380 3817 1432 3862 er-

181 3903 425 3995 commuuiaatos
449 3903 603 3982 vitandos,
629 3921 690 3968 non
713 3904 819 3968 autem
844 3902 1001 3969 toleratos.
1098 3975 1102 3985 ,
1521 3899 1522 3919 ³

282 4006 459 4092 Antequam
486 4008 673 4073 verbotenus
705 4007 896 4083 adducamus
931 4007 1122 4073 nominatam
1154 4006 1428 4090 Extravagantem,

177 4112 215 4178 de
238 4111 357 4196 origine
380 4112 447 4196 ejus
471 4113 590 4196 aliquid
612 4131 806 4178 commonere
831 4132 965 4178 necesse.

280 4216 318 4282 In
339 4216 415 4281 locis
439 4236 485 4299 cp.
510 4215 635 4297 Quanta
658 4216 696 4282 de
719 4217 851 4282 sentent.
875 4236 1008 4295 eraom.;
1047 4236 1094 4299 ep.
1112 4214 1230 4282 Sciant.
1254 4214 1359 4279 cuncti
1377 4212 1426 4277 12.

175 4322 214 4388 de
237 4322 328 4390 elect.
351 4321 383 4386 in
406 4321 481 4408 VI.;
516 4340 563 4405 cp.
588 4321 771 4407 Quicunque
794 4321 833 4387 de
856 4323 933 4389 sent.
956 4338 1069 4386 excom.
1093 4319 1147 4387 lib.
1168 4318 1242 4395 VI.;
1278 4338 1324 4401 cp.
1349 4317 1424 4382 Cum

174 4446 234 4492 uon
258 4428 296 4492 ab
320 4425 444 4492 homine
458 4425 506 4494 ,de
528 4428 606 4495 seut.
631 4445 746 4492 excom.
771 4424 945 4490 delineatae
969 4430 1042 4490 sunt
1065 4443 1207 4502 normae,
1236 4422 1327 4506 juxta
1350 4439 1426 4504 quas

175 4530 317 4597 fidelibus
339 4530 497 4616 agendum
521 4549 594 4596 cum
616 4529 904 4596 excommunicatis.
