3050 4854
96 233 209 288 Leonis
217 233 301 288 XIII.
314 232 374 287 Eli.
386 237 485 300 apost.
497 233 522 286 4.
535 231 630 287 Mart.
639 233 722 296 1878,
734 231 886 294 hierarch.
899 234 991 298 episc.
1002 233 1037 284 c'rc
1048 229 1153 284 Scotto
1164 234 1235 284 rest.
1275 191 1337 275 169

92 406 222 472 excitare
244 406 352 470 datum
368 405 459 482 esset,
482 404 645 487 praeclara
661 405 742 469 enim
759 404 1034 481 Praedonessorum
1048 389 1183 467 Suorum
1199 401 1337 484 example

90 511 185 576 Illum
211 510 381 594 urgebant,
416 509 466 573 cui
498 508 538 572 ad
571 509 750 592 hujusmodi
781 527 856 592 opus
888 509 970 573 viam
997 507 1057 590 ipsi
1079 507 1334 604 veluti'stemere

91 615 220 680 voluisse
243 614 438 680 ridebantur.
490 613 531 677 Et
565 633 638 680 sane
672 633 710 680 ex
741 625 804 679 una
830 616 920 697 parte
943 613 1132 698 perspiciens
1156 611 1335 676 universum

88 719 259 803 Religionis
284 717 465 784 Catholicae
487 717 520 781 in
551 715 656 782 Scotia
687 719 822 796 statum,
858 737 893 783 ac
929 718 1175 782 succrescentem
1206 717 1238 780 in
1273 715 1337 779 dias

88 822 356 900 Christifidelium,
377 841 534 887 sacrorum
559 809 787 905 operariorum,
811 823 1032 899 Ecclesiarum,
1057 821 1255 898 Missionum,
1278 821 1338 884 lte-

87 927 269 1010 ligiosarum
292 927 477 1004 Domorum,
502 927 695 1010 aliarumque
719 927 899 1010 hujusmodi
921 926 1173 1002 Inst'tutiouem‚
1198 945 1234 990 ac
1257 927 1336 988 tem-

87 1029 238 1113 poralium
262 1031 356 1095 etiam
383 1029 633 1114 adjumentorum
656 1030 794 1114 copiam,
826 1051 862 1096 ex
892 1031 954 1096 alia
986 1049 1058 1096 uero
1086 1030 1335 1095 animadvertens

88 1155 143 1216 per
163 1153 239 1214 earn,
263 1153 356 1218 quam
380 1135 412 1198 in
436 1135 553 1220 clytum
576 1134 770 1202 Subernium
791 1137 1009 1202 Britannicum
1031 1135 1202 1202 Catholicis
1217 1134 1334 1217 imper-

88 1238 176 1317 titur,
199 1238 395 1319 libertatem,
432 1239 465 1302 in
496 1239 561 1304 dies
595 1240 745 1304 removeri
781 1239 932 1323 quidquid
964 1240 1187 1324 impedimento
1222 1239 1290 1303 fuer
1310 1241 1334 1312 t,

88 1344 250 1424 quominus
280 1361 373 1435 penes
407 1342 515 1410 Scotes
550 1344 740 1408 ordinarium
776 1343 828 1410 SS.
863 1344 1054 1409 Antistitum
1077 1345 1215 1428 regimen
1236 1344 1332 1408 resti-

87 1447 237 1526 tueretur,
261 1447 353 1512 facile
374 1449 433 1512 sibi
456 1448 510 1513 ille
535 1448 678 1514 Pontifex
693 1451 897 1531 persuaserat,
921 1449 1113 1532 Episcopalis
1132 1448 1335 1514 Hierarchiae

88 1551 346 1616 restaurationem
376 1552 415 1616 ad
447 1552 532 1617 aliud
563 1554 686 1638 tempus
710 1553 838 1617 minime
862 1571 928 1618 esse
949 1553 1162 1619 differendam.
1209 1551 1334 1616 Interea

87 1653 147 1736 ipsi
169 1640 287 1718 Vicarii
311 1654 479 1737 Apstolici,
516 1658 547 1721 et
576 1656 724 1739 permulti
756 1656 820 1722 sire
853 1675 888 1720 ex
917 1655 1060 1733 OlericIs,
1093 1656 1156 1720 sive
1178 1674 1213 1720 ex
1229 1654 1333 1728 ‘laicis

89 1758 209 1840 generis
232 1759 414 1837 nobilitate,
447 1779 482 1824 ac
506 1760 659 1824 uirtutum
683 1761 775 1825 laude
798 1761 931 1844 spectati
955 1760 1012 1825 uiri
1037 1760 1122 1825 enixe
1146 1761 1185 1824 ab
1209 1761 1253 1824 Eo
1275 1759 1334 1823 fla-

15 1881 16 1886 *
89 1863 248 1944 gitarunt,
281 1865 317 1928 ut
348 1864 407 1928 hac
434 1864 466 1932 iu
495 1884 528 1929 re
552 1879 656 1930 eorum
680 1866 759 1930 votis
781 1866 960 1940 satisfacere
986 1865 1068 1930 haud
1093 1864 1199 1929 diutus
1222 1865 1335 1929 immo·
1362 1886 1364 1892 ’

88 1968 232 2040 reretur„
256 1967 342 2049 Quae
360 1969 483 2051 quidem
508 1969 748 2052 supplicationes
770 1971 885 2035 iterum
910 1972 947 2036 Ei
968 1973 1126 2054 porrectae
1150 1971 1238 2048 sunt,
1264 1989 1335 2034 oum

59 2119 61 2124 .
91 2071 196 2136 dilecti
218 2071 354 2155 cujusvis
368 2073 500 2139 'Ordinis
523 2074 598 2139 Filii
619 2062 744 2160 illarum
765 2076 935 2159 regionum,
960 2077 1038 2140 duce
1054 2076 1129 2140 Van.
1147 2077 1197 2141 Er.
1215 2074 1336 2162 Joaune

90 2172 209 2256 Strain,
243 2177 394 2260 Episcopo
418 2179 528 2244 Abilae
561 2179 594 2243 in
616 2180 758 2263 partibus
781 2180 953 2246 infidelium
978 2183 1009 2245 et
1032 2180 1204 2245 Districtus
1227 2179 1336 2245 Orien·

89 2278 160 2342 talis
183 2279 308 2346 Vicario
332 2282 526 2365 Apostolico,
562 2284 623 2348 huc
655 2283 817 2364 advenere,
853 2286 889 2349 ut
912 2284 949 2348 dc
973 2285 1022 2349 die
1046 2281 1336 2368 quinquagesimum

89 2400 201 2448 annum
225 2385 263 2450 ab
287 2385 463 2469 Epis-copali
486 2387 562 2470 Ejus
584 2388 813 2453 consecratione
837 2389 1011 2454 claudente*
1030 2408 1099 2454 cum
1130 2388 1202 2471 Ipso
1226 2389 1336 2471 gratu-

90 2484 236 2553 larentur.
284 2487 362 2554 Curn
386 2491 432 2556 ita
455 2510 487 2556 se
510 2511 559 2556 res
584 2493 743 2572 haberent,
766 2493 989 2576 praelaudatus
1012 2493 1155 2559 Pontifex
1176 2492 1336 2576 negotium

91 2588 154 2668 hoc,
178 2593 271 2674 prout
294 2594 360 2676 ejus
383 2595 521 2677 gravitas
545 2597 732 2677 postulabat,
758 2597 823 2661 VV.
849 2598 908 2663 PE.
930 2597 1000 2662 NN.
1026 2597 1158 2664 Sanctae
1174 2598 1333 2662 Romanae

92 2693 245 2762 Ecclesiae
270 2697 504 2779 Cardiualibus,
538 2701 625 2765 Fidei
649 2701 870 2784 Propagandae
893 2702 1094 2785 praepositis,
1130 2701 1335 2782 undequaque
1369 2757 1373 2761 .

92 2797 317 2866 discutiendnm
341 2803 556 2882 commiserat3
580 2807 673 2888 atque
698 2825 803 2870 eorum
826 2806 980 2870 sententia
996 2807 1028 2870 iu
1047 2806 1190 2888 suscepto
1206 2802 1332 2868 consilio

92 2901 165 2970 Eum
190 2905 291 2990 magis
314 2908 475 2992 magisque
499 2909 744 2975 confirmaverat.
791 2910 874 2974 Dum
897 2929 969 2974 vero
1001 2910 1072 2992 Ipse
1105 2910 1143 2973 ad
1177 2928 1251 2991 opus
1283 2907 1335 2970 diu

93 3007 283 3094 multumque
303 3015 446 3095 optatum
469 3009 690 3080 absolvendum
714 3034 747 3080 se
769 3015 943 3099 pervenisse
966 3015 1162 3091 laetabatur,
1188 3013 1227 3078 ad
1251 3014 1337 3080 coro&

93 3128 159 3176 uam
179 3114 323 3197 justitiae
344 3117 553 3201 recipiendam
577 3139 595 3184 a
617 3119 638 3185 J
642 3122 710 3185 usto
730 3120 842 3186 Iudice
864 3119 1030 3184 advocatus
1053 3119 1124 3184 fuit.
1329 3183 1333 3191 ,

191 3218 278 3300 Quod
302 3221 408 3305 itaque
432 3224 652 3289 Praedecessor
684 3223 798 3290 Noster
829 3227 927 3290 morte
961 3217 1153 3306 interceptus
1188 3223 1335 3306 perficere

95 3336 149 3384 uon
169 3324 282 3406 potuit,
305 3327 444 3408 copiosus
468 3328 500 3392 iu
524 3329 736 3394 misericordia
760 3330 843 3394 Deus
868 3332 899 3394 et
919 3331 950 3393 iu
968 3329 1088 3394 cunctis
1101 3331 1164 3392 suis
1182 3328 1334 3412 gloriosus

95 3427 230 3504 operibus
251 3428 386 3514 largitus
409 3433 457 3496 est
480 3431 587 3512 Nobis,
612 3435 648 3498 ut
670 3434 716 3498 ita
739 3433 923 3517 Supremam
938 3432 1170 3509 Pontificatum,
1195 3451 1287 3514 quern
1303 3431 1335 3508 in

95 3526 179 3596 teuta
199 3534 374 3616 temporum
398 3535 578 3601 calamitate
607 3538 801 3620 trepidantes
835 3539 1035 3621 suscepimus,
1074 3537 1179 3602 lausto
1201 3535 1334 3617 quodam

15 3651 16 3654 ¹
96 3632 186 3700 ueluti
209 3638 309 3702 omine
332 3639 572 3722 suspicaremur.
619 3641 811 3725 Quapropter
832 3643 897 3707 siue
920 3661 1023 3720 mora,
1055 3661 1125 3706 cum
1155 3640 1254 3705 totius
1276 3640 1336 3704 hu·

15 3821 17 3844 ,
96 3731 174 3813 jusce
194 3743 312 3826 negotii
332 3744 457 3826 plenam
480 3746 567 3810 nobis
590 3746 735 3811 notitiam
750 3749 1041 3830 comparaverimus,
1065 3745 1145 3830 quod
1162 3763 1179 3809 a
1194 3763 1255 3810 rec.
1273 3764 1333 3808 me.

15 3853 16 3856 ’
99 3837 148 3904 Pio
175 3845 236 3910 ΡΡ.
268 3847 323 3913 ΙΧ.
355 3849 514 3914 decretum
544 3851 660 3930 fuerat,
698 3852 872 3917 executioni
907 3851 1119 3917 mandandum
1152 3867 1217 3914 esse
1253 3848 1335 3912 ultro

99 3941 343 4018 existimavimus.
389 3951 509 4017 Erectis
531 3952 637 4036 itaque
661 3954 758 4018 oculis
788 3955 827 4018 ad
859 3956 985 4020 Patrem
1015 3955 1186 4031 luminum,
1224 3971 1241 4016 a
1275 3971 1335 4034 quo

100 4053 308 4118 umerorum
331 4055 492 4137 optimum,
518 4058 548 4121 et
573 4057 687 4121 donum
710 4059 894 4140 perfectum,
926 4059 1050 4123 divinae
1071 4057 1193 4141 gratiae
1216 4055 1335 4140 praesi-
1413 4128 1415 4132 ⁸

15 4139 17 4224 Ϊ
101 4145 178 4216 dium
198 4157 418 4237 invocavimus,
446 4149 569 4225 exorata
591 4161 685 4225 simul
707 4180 763 4244 ope
788 4163 823 4229 Β.
848 4161 892 4226 Μ.
918 4162 953 4228 V.
978 4163 1043 4225 sine
1066 4161 1135 4226 labe
1158 4162 1335 4242 conceptae,

103 4250 281 4345 Recepti
304 4264 369 4348 ejus
392 4264 502 4349 Sponsi
525 4268 618 4350 atque
638 4268 799 4332 universae
821 4269 978 4332 Ecclesiae
1001 4268 1140 4346 Patroni,
1167 4267 1336 4332 Beatorum

105 4357 307 4440 Apostolorum
331 4371 418 4435 Petri
441 4373 473 4436 et
495 4372 602 4450 Pauli,
628 4371 732 4438 Sancti
755 4373 915 4464 Andreae,
947 4372 1138 4455 aliorumque
1170 4371 1333 4451 Caelitum,

15 4553 16 4560 ἵ
105 4478 169 4541 quos
190 4469 272 4537 Secti
295 4474 392 4539 ueluti
417 4475 611 4550 Protectores
635 4479 837 4555 venerantur,
874 4479 911 4541 ut
940 4477 1004 4540 suis
1037 4477 1102 4542 Nos
1130 4475 1211 4558 apud
1233 4475 1335 4538 Deum

15 4623 16 4668 ,
107 4567 247 4660 suffragiis
272 4577 309 4642 ad
333 4579 414 4643 idem
439 4579 598 4662 negotium
625 4600 766 4664 prospere
798 4581 1017 4646 maturandum
1039 4581 1194 4664 juvarent.
1241 4579 1336 4643 Hisce

1384 4683 1509 4810 ,Ι
