3080 4840
195 233 257 298 178
401 249 516 306 Leonta
537 249 597 303 PP.
618 248 704 303 XIII.
724 249 889 316 Idea-cyclica
908 249 957 301 ud.
978 247 1021 300 21.
1041 245 1245 316 Apra'l.1878.
1317 295 1320 303 ,

301 423 489 506 Hujusmodi
511 421 790 487 Praedecessorum
813 420 999 485 Nostrorum
1024 419 1145 497 rnerita,
1168 419 1205 482 ut
1218 419 1343 483 caetera
1359 437 1457 500 prae-

195 531 372 605 tereamus,
408 526 542 590 maxime
575 527 712 590 testatur
740 523 890 589 memoria
917 526 1092 607 temporum
1123 521 1153 587 S.
1184 522 1295 586 Leonis
1325 521 1457 606 Magni,

196 615 363 710 Alexandri
386 630 455 708 111,
479 629 640 694 runcano
661 629 731 705 111,
755 627 785 692 s.
811 627 861 692 err
884 628 931 708 v,
956 627 1067 692 neonis
1087 626 1125 692 n.
1150 626 1343 708 aurarumque
1367 626 1455 689 ron·
1530 637 1531 660 r

197 735 335 825 tilicum,
367 753 498 817 quorum
522 751 612 816 opera
634 731 683 798 vel
704 733 851 816 auspiciis
873 733 911 798 ab
937 733 1072 798 extremo
1089 731 1216 809 excidio,
1239 730 1320 814 quod
1344 730 1458 794 abar-

196 839 280 905 baris
303 838 513 922 impendebat,
538 838 643 903 Italia'
655 855 759 920 sospes
777 837 884 915 evasit,
908 837 1118 919 incorruptam
1136 835 1269 900 retinuit
1285 834 1458 916 antiquam

196 941 304 1020 fidem,
330 943 423 1024 atque
446 942 528 1006 inter
551 942 695 1008 tenebras
722 941 955 1025 squaloremque
986 941 1119 1005 rudioris
1150 939 1218 1006 aevi
1246 937 1458 1004 scientiarum
1530 989 1531 1010 ,

197 1046 302 1112 lumen
328 1049 360 1111 et
380 1046 574 1130 splendorem
595 1047 711 1112 artium
736 1045 826 1124 aluit,
850 1046 1068 1129 rigantemque
1098 1043 1243 1110 servavit.
1300 1043 1459 1108 Testatur

198 1152 314 1216 Nostra
339 1152 415 1215 liaeo
436 1151 520 1216 alma
541 1151 623 1215 Urbs
646 1149 831 1214 Pontificum
856 1148 960 1229 Sedes,
984 1169 1063 1233 quae
1085 1149 1168 1212 huno
1190 1167 1227 1212 ex
1248 1147 1288 1212 iis
1310 1147 1459 1211 tructam

198 1257 367 1320 maximum
391 1255 484 1338 cepit,
507 1256 544 1318 ut
567 1274 627 1320 non
650 1255 750 1321 solum
774 1273 828 1319 arx
850 1254 921 1319 fidei
939 1253 1150 1318 munitissima
1165 1234 1335 1328 esset,'sed
1355 1251 1459 1316 etiam

198 1361 348 1424 bonarum
373 1359 487 1422 artium
512 1359 633 1444 asylum
657 1361 689 1424 ct
708 1359 902 1424 domicilium
917 1352 1088 1442 sapientiae
1105 1357 1223 1436 effecta,
1246 1357 1345 1422 totius
1369 1357 1461 1420 orbis

84 1471 86 1476 ‘
199 1481 275 1547 erga
297 1481 330 1526 se
353 1462 591 1529 admirationem
615 1465 648 1528 et
668 1463 898 1528 observantiam
922 1463 1109 1528 conciliaret.
1164 1460 1242 1526 Cum
1265 1461 1379 1524 harum
1406 1479 1459 1523 re-

199 1586 269 1632 rum
293 1565 465 1650 amplitudo
486 1567 526 1632 ad
549 1569 709 1632 aeternam
732 1568 914 1632 memoriam
933 1565 1141 1632 monumentis
1157 1564 1306 1630 historiae
1330 1564 1459 1628 sittra-

200 1671 277 1750 dita,
301 1670 388 1736 facili
411 1672 536 1755 negotio
555 1671 746 1755 intelligitur
768 1690 827 1736 non
851 1672 987 1755 potuisse
1010 1670 1070 1736 nisi
1092 1691 1147 1754 per
1170 1669 1316 1736 hostilem
1340 1669 1459 1733 volun-

166 1843 170 1870 ·,
199 1777 299 1840 tatem
324 1775 548 1860 indignamque
570 1776 780 1854 calumniam,
805 1777 843 1840 ad
866 1776 1029 1842 hominurn
1049 1775 1278 1858 deceptionem,
1299 1791 1375 1838 voce
1401 1774 1459 1837 lit-

199 1881 276 1945 teris
292 1880 428 1958 obtrudi,
447 1881 526 1944 hanc
540 1878 752 1962 Apostolicanr
766 1877 878 1945 Sedem
894 1880 979 1946 civili
998 1880 1181 1963 populorum
1201 1878 1279 1943 culti
1291 1879 1324 1943 et
1339 1877 1458 1942 ltaliae

200 1984 349 2050 felicitati
372 1983 594 2067 impedimento
617 2001 692 2049 esso.

307 2087 342 2152 Si
364 2087 464 2172 igitur
489 2107 558 2171 spes
581 2107 686 2153 omnes
708 2087 822 2153 Italiae
851 2087 1002 2170 Orbisque
1028 2087 1164 2153 universi
1187 2087 1219 2151 in
1242 2105 1278 2151 ea
1301 2085 1333 2150 vi
1363 2105 1456 2150 com·
1526 2069 1528 2096 ³

201 2194 289 2260 muni
314 2192 448 2258 utilitati
472 2194 503 2258 et
524 2191 604 2258 bono
622 2191 836 2270 saluberrima,
858 2211 919 2276 qua
938 2190 1026 2256 Sedis
1050 2191 1246 2274 Apostolioae
1268 2190 1367 2273 pollet
1381 2210 1459 2255 auc·
1527 2215 1528 2228 2

202 2299 325 2376 toritas,
349 2299 381 2362 et
403 2297 436 2362 in
458 2295 633 2361 arctissimo
656 2315 734 2362 nerm
756 2299 830 2361 sunt
852 2296 990 2380 positae,
1020 2297 1074 2379 qui
1101 2315 1206 2361 omnes
1227 2294 1459 2360 cnnsufioeles

202 2424 274 2470 cum
296 2403 436 2470 Romano
449 2397 600 2464 Pontidoe
619 2398 785 2477 devinciat,
808 2398 887 2463 nihil
904 2399 1002 2464 Nobis
1024 2399 1128 2482 potius
1151 2417 1218 2464 esse
1241 2400 1353 2464 debere
1377 2418 1457 2482 cog-

170 2589 172 2592 ,
202 2507 368 2589 noscimus,
391 2523 485 2588 quam
508 2504 543 2568 ut
556 2503 715 2569 Romanae
731 2502 906 2570 Cathedrae
927 2523 1016 2569 suam
1039 2504 1228 2592 dignitatem
1252 2507 1369 2570 sartam
1390 2511 1457 2569 tec-

203 2617 331 2696 tamque
354 2627 527 2688 servemus,
552 2598 812 2700 et‘membrorum
836 2627 906 2674 cum
931 2609 1058 2693 Capite,
1089 2610 1225 2675 filiorum
1255 2629 1325 2675 cum
1358 2609 1459 2674 Patre

204 2716 453 2810 conjunctionem
475 2713 576 2798 magis
598 2714 762 2798 magisque
783 2714 951 2780 firmemus.
1328 2725 1331 2732 ’

308 2820 502 2903 Quapropter
519 2819 560 2888 ‘ut
581 2818 614 2882 in
636 2819 755 2901 primis,
780 2837 814 2882 oo
838 2837 897 2900 quo
919 2836 1084 2901 possumus
1104 2817 1205 2898 modo,
1226 2818 1300 2902 jura
1322 2817 1457 2883 liberta-

204 2929 329 3009 temque
351 2924 445 3008 hujus
459 2921 591 2988 Sanctae
613 2921 702 2988 Sedis
726 2923 917 3000 adseramus,
941 2922 1126 2988 contendere
1149 2941 1308 3006 nunquam
1331 2921 1457 2986 desine-

206 3049 283 3110 mus,
307 3031 344 3095 ut
367 3027 549 3117 arvctoritati
571 3027 706 3092 Nostrae
737 3047 828 3092 suum
852 3028 974 3092 constet
993 3027 1193 3110 obsequium,
1228 3029 1264 3092 ut
1292 3026 1456 3091 obstacula

206 3134 425 3211 amoveantur,
449 3149 528 3215 quae
550 3131 675 3214 plenam
698 3131 864 3197 ministerii
887 3130 996 3197 Nostri
1019 3131 1244 3214 potestatisque
1271 3130 1453 3194 libertatem

205 3237 506 3321 impediunt'atque
527 3235 559 3299 in
582 3253 650 3302 earn
673 3255 776 3302 rerum
800 3224 1012 3308 conditionem¹
1031 3235 1246 3311 restituamur,
1267 3234 1301 3298 in
1322 3253 1384 3318 qua
1406 3233 1453 3296 di·
1527 3317 1528 3320 Ἴ

205 3344 295 3408 vinae
319 3340 495 3425 Sapientiae
519 3340 683 3405 consilium
705 3342 860 3406 Romanos
883 3340 1050 3405 Antistites
1070 3338 1259 3423 jampridem
1283 3339 1452 3403 collocave-

207 3446 265 3511 rat.
311 3444 360 3518 Ad
383 3444 463 3510 bano
488 3464 558 3510 vero
573 3445 801 3511 restitutionem
820 3443 1039 3528 postulandam
1059 3463 1229 3522 movemur,
1252 3442 1451 3508 Venerabiles

209 3551 342 3624 Fratres,
367 3568 427 3614 non
442 3549 621 3615 ambitionis
638 3551 741 3616 studio
759 3553 819 3621 aut
833 3549 1052 3615 dominationis
1068 3549 1259 3632 cupiditate;
1290 3547 1344 3612 sed
1360 3543 1452 3611 officii

207 3654 317 3721 Nostri
337 3651 456 3719 ratione
478 3655 510 3720 et
532 3653 686 3738 religiosis
704 3653 908 3738 jurisjurandi
930 3653 1061 3718 vinculis
1080 3652 1192 3735 quibus
1215 3649 1451 3734 obstringimur;
1527 3679 1529 3684 ·

207 3779 245 3826 ao
266 3760 427 3843 praeterea
441 3777 501 3824 non
524 3759 624 3824 solum
648 3779 683 3824 ex
704 3777 738 3823 eo
760 3759 842 3842 quod
864 3758 1057 3842 principatus
1080 3758 1132 3822 hie
1155 3757 1194 3822 ad
1217 3757 1341 3839 plenam
1362 3755 1449 3820 liber·

208 3865 305 3930 tatem
330 3864 503 3948 spiritualis
514 3863 679 3947 potestatis
693 3863 840 3928 tuendam
857 3862 1159 3945 conservandamque
1175 3862 1228 3926 est
1247 3860 1450 3932 necessarium

210 3969 265 4034 sed
287 3969 382 4034 etiam
403 3969 484 4052 quod
507 3967 787 4055 exploratissimum
811 3969 877 4048 est,
910 3985 980 4033 cum
1011 3968 1048 4032 de
1077 3965 1242 4050 temporali
1273 3965 1450 4048 Principatu

208 4073 297 4139 Sedis
310 4073 506 4157 Apostolioae
522 4075 636 4158 agitur,
660 4073 778 4156 publici
801 4074 897 4138 otiam
912 4071 983 4138 boni
999 4072 1031 4137 et
1051 4071 1163 4137 salutis
1184 4069 1282 4135 totius
1303 4069 1449 4134 humanae

211 4177 370 4244 societatis
390 4196 516 4244 causam
539 4177 664 4263 agitari.
716 4177 799 4242 Hinc
821 4176 1070 4260 praetermittere
1093 4195 1152 4241 non
1174 4193 1355 4258 possumus,
1384 4172 1450 4256 quin

209 4302 263 4366 pro
286 4281 381 4348 officii
402 4282 520 4348 Nostri
534 4301 670 4361 munere,
695 4300 756 4365 quo
779 4281 907 4346 sanotae
929 4280 1086 4346 Ecclesiae
1106 4279 1180 4363 jura
1202 4277 1285 4343 tueri
1305 4281 1450 4350 tenemur,

210 4385 434 4452 declarationes
452 4389 485 4452 et
506 4385 748 4470 protestationes
772 4405 887 4462 omnes,
911 4403 987 4469 quas
1001 4403 1045 4450 sa.
1068 4403 1127 4450 me.
1140 4372 1221 4447 Pius'
1238 4382 1294 4447 IX.
1309 4383 1451 4448 Decessor

209 4491 324 4556 Noster
347 4492 415 4556 tum
438 4491 585 4558 adversus
608 4491 840 4574 occupationem
864 4489 967 4554 civilis·
988 4489 1196 4573 Principatus,
1219 4489 1288 4552 tum
1312 4487 1450 4552 adversus

209 4594 407 4662 violationem
422 4595 539 4678 jurium
563 4595 601 4660 ad
614 4595 783 4659 Romanam
797 4593 968 4658 Ecclesiam
990 4594 1211 4677 pertinentium
1228 4592 1344 4678 plurios
1361 4587 1451 4656 edidit
1514 4615 1516 4622 ·
